2076 3612
373 241 625 294 Ltuutttx.
835 259 867 308 4t

99 333 223 398 latebras,
239 332 331 398 quibus
349 331 374 381 se
392 332 466 398 paulo
487 335 544 382 ante
557 341 680 396 texerant,
698 331 774 398 palati
790 343 867 400 atque

102 415 215 463 inermes
227 412 288 476 suga
300 411 458 477 repetebant:
477 408 517 458 sed
529 410 583 459 loca
595 409 710 474 difficilia,
723 410 785 460 hosii
796 427 864 477 quar-

103 493 162 554 srta,
181 489 248 558 ipsos
268 501 323 538 turn
345 489 386 538 sui
397 487 483 537 fraude
495 487 670 554 impediebant.
705 491 791 553 Itaque
803 503 865 556 ergo

104 569 242 636 perpaucis
253 567 375 632 effugium
387 566 468 632 patuit
481 583 487 613 :
514 563 574 614 caesa
584 565 616 615 ad
627 567 717 630 viginti
730 567 806 616 miliia
817 569 864 618 ho-

104 647 216 707 minum,
236 645 366 710 vistorquc
376 647 506 692 Romanus
523 641 555 692 ad
574 636 686 694 oblaturi
695 643 763 696 ultro
773 645 805 694 ab
817 645 863 696 lto-

106 724 143 774 sie
155 723 267 790 praedam
279 737 398 790 pecorum
409 720 531 770 discurrit.

140 805 260 852 XXXII.
278 805 349 852 Dum
360 801 410 850 baec
419 811 538 866 geruntur
550 799 576 848 in
588 800 695 863 Samnio,
710 799 762 864 jam
775 815 862 852 omnen

105 879 216 930 Etruria
228 879 317 946 populi
328 878 550 944 praterArretinos
560 877 591 926 ad
601 893 669 927 anna
680 879 766 939 ierant,
775 878 807 928 ab
818 895 865 945 op-
903 883 905 890 ⁴

105 957 251 1023 pugnando
271 957 364 1020 Sutrio,
390 967 444 1020 quae
462 955 531 1017 urbs,
557 953 625 1003 socia
643 957 771 1020 Romanis,
794 955 865 1006 uelut

104 1035 217 1084 claustra
236 1035 339 1084 Etruriae
358 1043 419 1097 erat,
436 1034 525 1098 ingens
544 1031 592 1081 orsi
610 1031 712 1081 bellum.
747 1035 786 1082 Εὸ
803 1033 866 1082 alter

105 1110 247 1162 consulturi
258 1112 369 1162 AEmiiius
380 1125 438 1161 cum
448 1111 564 1160 exercitu
581 1109 613 1158 ad
625 1108 765 1160 liberandos
777 1108 867 1158 obfidi·

103 1204 161 1238 orte
184 1186 267 1238 socios
286 1190 363 1238 venit.
399 1187 600 1239 Advenientibus
621 1187 750 1248 Romanis,
774 1187 867 1236 sutrini

104 1277 266 1317 commeatus
280 1266 384 1332 benigne
401 1269 428 1318 in
446 1265 522 1316 castra
533 1277 589 1316 ante
600 1266 687 1316 urbem
699 1264 778 1334 posta
788 1265 866 1316 adve-

105 1358 181 1396 xerer
218 1342 316 1394 Etrusci
336 1345 400 1395 diem
423 1345 532 1410 primum
556 1341 726 1405 consultando,
747 1354 865 1394 matura·

103 1433 173 1486 rent,
192 1422 352 1472 traherentne
371 1422 472 1484 bellum,
490 1420 660 1472 traduxerunt.
695 1419 795 1470 Postero
814 1421 864 1484 die,

106 1501 153 1550 ubi
171 1497 304 1563 celeriora,
321 1505 395 1566 qu'arn
415 1499 517 1564 tutiora,
535 1498 634 1550 consilia
652 1499 731 1564 magis
752 1499 866 1566 placuere

103 1577 225 1640 ducibus,
242 1576 296 1626 sole
307 1589 365 1628 orto
382 1577 477 1642 signum
490 1591 578 1644 pugne
592 1575 746 1644 proposrtrun
759 1575 801 1640 esi,
824 1591 864 1626 ar-

103 1657 221 1722 matique
237 1655 264 1704 in
276 1657 355 1705 aciem
367 1655 512 1723 procedunt.
549 1655 624 1718 Quod
636 1656 763 1722 postquam
774 1653 865 1704 consu-

104 1735 122 1784 li
144 1734 296 1786 nunciatum
313 1733 355 1797 est,
379 1735 506 1800 extempio
525 1732 636 1782 tesseram
655 1732 707 1782 dari
727 1732 809 1797 jubet,
833 1743 863 1782 ut

107 1812 232 1881 prandeat
243 1813 324 1876 miles,
341 1811 490 1878 finnatisque
504 1811 562 1868 cibo
579 1811 675 1862 viribus
692 1827 760 1860 arma
772 1812 864 1876 capiat.

106 1891 174 1942 uitro
187 1902 298 1959 paretur.
329 1891 429 1957 Consul,
445 1891 496 1940 ubi·
507 1883 615 1940 armatos
629 1887 776 1954 paratosque
791 1888 868 1952 vidit,

105 1970 174 2036 signa
186 1980 262 2021 extra
273 1969 368 2034 vallum
380 1969 486 2038 proferri
503 1967 580 2032 jussit,
598 1965 622 2016 &
637 1965 702 2014 haud
715 1965 803 2030 procul
819 1966 865 2016 ho·

104 2048 139 2098 sie
151 2048 272 2098 instruxit
282 2049 371 2099 aciem.
409 2046 562 2114 Aliquandiu
582 2044 673 2094 intenti
689 2043 804 2107 utrinque
821 2041 867 2092 ste·

107 2137 202 2190 terunt,
220 2125 390 2196 exspetiantes
409 2138 438 2176 ut
457 2127 490 2178 ab
509 2123 656 2176 adversariis
676 2121 771 2172 clamor
783 2121 809 2170 ἃ
820 2135 866 2187 pn-

107 2221 158 2270 gna
169 2205 302 2272 inciperet.
321 2206 345 2255 ἃ
358 2207 425 2271 prius
437 2204 472 2256 sol
486 2205 589 2256 meridie
599 2201 623 2254 se
636 2199 775 2262 inclinavit,
791 2203 866 2265 quarn

108 2282 191 2329 telum
210 2281 269 2329 hinc
279 2291 323 2328 aut
335 2280 402 2330 illinc
415 2279 525 2330 emissum
536 2280 578 2328 esi.
612 2277 677 2340 inde,
695 2291 726 2326 ne
738 2274 827 2326 inseite
839 2291 868 2325 re

106 2359 230 2419 abiretur‚
248 2357 343 2408 clamor
354 2359 386 2407 ab
398 2357 505 2408 Etruscis
520 2359 609 2418 oritur,
628 2356 812 2420 concinuntque
824 2365 865 2404 tu-

106 2438 155 2498 bz,
174 2435 200 2484 81
212 2435 278 2499 signa
290 2435 440 2486 inseruntur.
476 2438 529 2485 Nec
541 2434 638 2499 segnius
647 2433 678 2483 ab
688 2431 808 2482 Romanis
820 2448 864 2498 pu-

106 2527 158 2577 gna
170 2512 256 2560 initur.
274 2523 427 2561 concurrunt
439 2509 536 2560 infense
547 2511 644 2560 animis.
662 2523 765 2558 numero
778 2509 861 2574 hossir,

109 2590 207 2638 virtute
218 2591 347 2638 Romanus
359 2588 465 2655 superat.
501 2591 598 2654 Anceps
610 2587 722 2654 precisum
735 2586 825 2636 multos
834 2601 863 2635 n·

108 2667 218 2732 triaque,
236 2665 430 2717 &sortiffimum
445 2682 575 2732 quemque,
593 2664 714 2715 absumit:
732 2679 778 2714 nec
796 2665 865 2730 prius
888 2652 890 2664 γ

107 2745 229 2794 inclinata
239 2759 278 2793 res
297 2745 339 2809 esi,
358 2749 432 2809 quum
447 2744 551 2794 secunda
562 2745 628 2794 acies
640 2745 753 2792 Romana
770 2742 800 2791 ad
812 2743 864 2808 pri·

106 2837 151 2872 tna
170 2822 244 2886 signa,
262 2822 354 2888 integri
378 2821 448 2886 sesiie,
468 2822 638 2873 successerunt.
674 2819 779 2884 Etrusci,
803 2821 863 2885 qnia

108 2898 183 2948 nuliis
198 2901 340 2964 recentibus
356 2899 464 2950 subsidiis
481 2901 542 2950 suita
559 2901 639 2967 prima
657 2899 722 2948 acies
733 2897 789 2962 suit,
805 2909 864 2948 ante

96 2975 180 3039 -srgna
191 2978 306 3044 circaque
317 2993 405 3028 omnes
417 2979 564 3028 ceciderunt.
589 2978 665 3029 Nullo
676 2992 785 3042 unquam
798 2993 862 3044 prue-

108 3053 148 3105 lio
159 3053 225 3124 suge
242 3057 334 3125 minus,
352 3071 400 3108 nec
420 3057 474 3126 plur
493 3059 564 3112 cedis
580 3055 671 3124 suisset,
688 3055 715 3106 ni
727 3053 864 3140 obstinator

799 3140 864 3178 murt
