2062 3640
306 172 473 226 LI'BBR
502 167 591 226 XXV·
777 173 833 235 ’4δῖ

79 261 227 328 enimeden,
247 265 375 314 memoria
387 264 511 332 proditum
529 266 569 326 eit,
586 264 610 312 in
629 267 699 314 tento
713 251 840 324 tumultu,⁷
938 323 943 332 .

65 350 208 407 ¹quantum
227 350 298 406 capta
315 333 372 388 urbs
388 339 414 388 in
425 337 533 388 discursu
543 337 709 405 diripientium
721 339 830 388 militurn

77 417 157 464 ciere
175 415 418 480 poteratpinteotum
437 414 610 478 sonnis,.quas
628 415 654 462 in
670 415 773 482 pulvere
789 415 832 466 dc·

76 485 230 556 scripserat,
241 492 272 540 ab
284 491 372 555 ignaro
381 491 468 553 milite,
480 491 534 556 quis
546 489 609 552 esset,
620 487 783 542 inrersekiumss
800 507 833 542 a·

77 583 136 633 gre
153 567 179 618 id
196 569 341 620 Marcellum
361 568 447 632 tulisse,
464 567 642 634 sepulturaeque
659 582 744 618 curam
763 568 839 619 nauti
878 579 880 584 '

78 657 160 696 mm:
179 645 204 696 ἃ
223 647 367 712 propinquis
384 647 457 695 etiam
474 643 595 710 inquisitis
611 645 699 694 honori
710 645 833 712 prasidio·

79 738 140 790 que
156 737 249 788 nomen
266 738 295 772 ac
311 723 456 772 memoriam
472 723 525 785 ejus
541 719 621 770 fuisse.
655 724 710 771 Hoc
725 723 836 773 maxim&

78 795 167 846 modo
178 797 303 862 syracusa
316 806 406 862 capta:
425 798 450 844 in
464 797 554 861 quibus
567 794 653 861 prada
667 806 762 848 tautum
776 798 844 862 suit,'

79 883 210 938 quantum
227 875 275 924 vix
292 876 364 940 capta
380 875 532 936 Karthagine
549 883 602 920 tum
613 870 702 935 suisset,
719 887 775 924 cum
785 889 836 940 qua

78 949 188 1001 viribus
198 953 280 1017 'aquis
297 951 447 1000 certabatur.
483 949 568 1000 Paucis
584 951 641 998 ante
652 947 745 1012 diebus,
762 953 843 1016 quam*
889 957 911 986 -’

81 1026 218 1094 Syracusa
233 1040 387 1096 caperentur,
406 1031 441 1077 T.
455 1027 575 1076 Otacilius
586 1041 643 1075 cum
655 1028 838 1092 quinqueremi·

80 1105 137 1156 bus
150 1103 278 1168 odioginta
286 1107 383 1157 Uticam
394 1104 427 1155 ab
437 1103 552 1169 Lilybaeo
564 1099 708 1152 transmisit:
719 1105 751 1167 ἃ,
761 1107 847 1170 quum'

80 1191 150 1234 ante
166 1181 247 1247 lucem
261 1192 359 1248 portum
370 1181 486 1246 intrasset,
504 1181 628 1231 onerarias
639 1179 764 1232 srumento
775 1193 839 1232 onu-

82 1259 135 1310 stas
147 1259 228 1326 cepit:
247 1258 399 1324 egressusque
410 1261 436 1308 in
452 1255 550 1319 terram,
567 1255 730 1324 depopulatus
747 1259 780 1308 eil
791 1261 837 1310 ali·

82 1347 211 1403 quantum
219 1338 272 1400 agri
284 1337 350 1386 circa
358 1337 466 1398 Uticam,
483 1334 639 1401 praedamque
652 1336 732 1385 omnis
744 1339 838 1401 generis

83 1424 159 1463 retro
171 1412 202 1462 ad
214 1427 289 1462 naves
304 1415 363 1477 egit.
398 1411 540 1477 Lilybaeum
553 1411 627 1460 tertio
635 1411 682 1472 die,
698 1417 769 1477 quam
779 1412 837 1463 inde

87 1489 217 1555 proterius
231 1491 292 1552 erat,
308 1505 365 1556 eum
381 1500 480 1538 centum
496 1488 598 1551 triginta
606 1487 723 1540 onerariis
730 1490 839 1540 navibus

86 1568 220 1618 frumento
237 1566 365 1631 predaque
382 1566 472 1616 onullis
489 1565 575 1614 rediit:
593 1565 668 1630 idque
683 1565 836 1616 frumentum

87 1643 222 1709 extemplo
240 1642 368 1709 Syracusas
388 1643 460 1690 misit.
485 1642 594 1707 quodni
612 1654 663 1692 tam
681 1644 837 1712 intempore

88 1719 253 1784 subvenisset,
270 1719 405 1772 nidoribus
416 1719 534 1788 vidisque
549 1721 641 1788 pariter
651 1724 788 1788 perniciosa
799 1722 837 1774 sa·

88 1793 147 1851 anes
159 1799 275 1849 instabat.
558 1800 563 1803 ’
661 1839 667 1842 ,
739 1791 741 1798 ‘

127 1881 245 1928 XXXII.
263 1877 354 1928 Eidem
368 1879 446 1929 allate
461 1881 486 1929 in
501 1878 628 1948 Hispania,
645 1895 721 1946 quum
736 1881 840 1933 biennio

88 1959 172 2010 ferme
184 1957 248 2008 nihil
258 1955 394 2006 admodum
407 1959 567 2008 memorabile
579 1956 668 2008 sadum
678 1958 743 2022 esser,
761 1955 849 2007 consu*

89 2033 182 2100 diisque
194 2034 282 2097 magis,
299 2037 372 2097 quam
383 2034 462 2094 armis,
479 2035 569 2084 bellum
582 2045 715 2098 gereretur,
732 2031 840 2083 Romani

91 2111 257 2176 imperatores
272 2108 356 2172 egressi
373 2109 479 2158 hibernis
490 2111 574 2176 copias
591 2099 786 2172 conjunxerunt.
803 2107 856 2175 ibi„

92 2188 230 2238 concilium
243 2185 402 2248 advocatum,
420 2189 578 2253 omniumque
590 2189 615 2238 in
630 2203 706 2236 unum
719 2201 841 2250 congrue,-

90 2279 151 2318 runt
163 2266 288 2316 sententia
295 2284 302 2326 ;
320 2263 419 2330 quando
431 2263 462 2314 ad
474 2265 500 2314 id
515 2265 628 2314 locorum
641 2263 665 2312 id
676 2263 751 2312 modo
761 2263 841 2312 aslum

93 2343 161 2403 esset,
183 2353 211 2392 ut
231 2341 409 2391 Hasdrubalem
426 2341 572 2406 ³tendentem
590 2339 616 2386 in
637 2339 734 2394 Italiam
751 2338 841 2386 retine-

94 2431 166 2478 rent;
183 2431 279 2486 tempus
300 2420 346 2469 else
364 2419 390 2469 id
404 2420 457 2482 jam
472 2420 520 2482 agi,
539 2429 567 2466 ut
581 2416 673 2466 bellum
687 2416 712 2465 in
725 2415 842 2481 Hispania

94 2495 224 2546 finiretur:
249 2496 273 2544 ἃ
292 2496 348 2546 satis
365 2495 396 2546 ad
414 2495 439 2544 id
457 2496 551 2554 virium
567 2491 704 2556 credebaut
715 2490 841 2557 accesisse,

95 2572 192 2640 viginti
212 2573 288 2620 millia
302 2573 481 2624 Celtiberorum
496 2575 524 2622 ea
535 2573 615 2620 hieme
627 2571 658 2620 ad
672 2586 739 2620 arma
749 2571 843 2624 excita·

89 2657 133 2702 ta.
171 2652 235 2698 Tres
249 2654 368 2702 exercitus
383 2662 460 2702 erant.
495 2649 632 2700 Hasdrubal
648 2647 765 2712 Gisgonis
777 2647 842 2700 iilius

97 2729 126 2779 de
144 2728 230 2789 Mago,
248 2729 383 2791 conjunslis
400 2729 488 2789 castris,
507 2728 615 2792 quinque
626 2725 703 2774 serme
714 2723 820 2775 dierumi
838 2725 852 2766 .“

97 2815 137 2854 ter
149 2803 181 2851 ab
193 2804 309 2856 Romanis
322 2805 432 2856 aberant.
468 2803 573 2868 Propior
590 2811 642 2848 erat
656 2802 801 2851 Hamilcaris
812 2799 843 2848 fi·

99 2881 148 2932 llus
166 2879 310 2946 Hasdrubal,
327 2895 400 2934 vetus
417 2883 443 2929 in
461 2878 578 2944 Hispania
597 2879 740 2942 imperator.
759 2879 844 2926 adur-

99 2954 689 3026 bemnomineAniturgiuexercitumhabebat.
722 2956 846 3080 ›Eulrrrbvo-⁴

768 3043 780 3078 c
799 3037 842 3078 ant
