2076 3612
156 219 189 266 ³2
415 203 451 252 Τ.
486 203 644 254 Ltvrr

154 294 211 344 inde
220 301 313 360 quanto
321 293 431 343 maxime
441 304 547 361 poterat,
560 310 617 344 cum
629 293 746 356 tumultu,
763 293 793 344 ad
800 311 871 361 arma,
882 298 908 348 ἃ

151 371 195 440 pri
206 371 301 434 vestram
307 372 384 436 fidem,
393 372 474 434 cives!
491 373 626 434 clamitans,
639 373 692 422 Arx
703 374 730 422 ab
741 374 830 438 hostibus
841 387 908 442 capta

151 449 204 513 est5
221 451 259 512 ite,
283 449 399 514 defendite.
417 453 494 500 ·Haec
516 449 624 499 incidens
647 451 787 516 principum
798 451 906 516 foribus,

152 528 205 576 lraec
223 529 316 589 obviis,
334 529 385 576 lraec
402 528 589 578 excurrentibus
609 529 635 576 in
656 528 785 594 publicum
806 529 908 596 pavidis

153 606 274 672 increpat.
309 610 448 673 Acceptum
466 607 497 656 ab
509 621 561 656 uno
576 621 699 672 pavorem
712 607 793 673 plures
804 623 848 674 per
865 624 907 658 ur-

153 684 211 734 bem
222 683 314 733 serunt.
350 683 455 752 Trepidi
467 684 631 748 magistratus,
648 685 721 734 millis
730 684 760 733 ad
770 700 851 734 arcem
860 701 907 736 ex-

153 762 328 831 ploratoribus,
346 779 423 829 quum
439 763 487 812 tela
503 764 527 812 ἃ
537 773 645 812 armatos
655 773 737 812 tenere
746 777 828 812 arcem
841 764 907 812 mul·

152 839 267 906 tiplicato
278 855 383 893 numero
400 840 522 904 audirent,
541 850 659 890 avertunt
676 840 799 889 animost
817 837 859 907 spe
870 857 908 890 re-

153 916 299 984 cuperandae
310 919 383 969 arcis.
418 921 487 984 Fugit
499 917 585 969 cunsla
595 919 759 985 complentur,
777 929 906 984 portaeque

153 993 187 1044 ab
209 991 361 1045 semisomnis
377 1011 406 1045 ac
416 997 526 1045 maximi
538 1005 607 1062 parte
622 993 755 1044 inermibus
766 993 906 1059 refringun·
925 1043 927 1050 ,

154 1082 211 1122 tur:
230 1087 335 1138 quarum
352 1089 396 1141 per
406 1089 481 1124 unam
497 1071 634 1140 praefidium
643 1075 783 1122 Romanum
795 1073 906 1122 clamore

156 1150 298 1199 excitatum
315 1151 438 1217 irrumpit,
456 1150 481 1200 8<
496 1148 668 1200 concursantes
680 1149 787 1216 pervias
797 1149 906 1216 pavidos

154 1227 236 1278 credit.
271 1231 328 1293 Jam
339 1233 398 1278 Sora
409 1239 481 1295 capta
492 1238 552 1289 erat,
570 1243 648 1294 quum
660 1225 770 1278 consules
780 1227 858 1294 primi
867 1227 904 1276 lu-

155 1322 184 1356 ce
196 1306 335 1367 advenere;
353 1307 386 1367 ἃ,
403 1322 465 1371 quos
485 1307 593 1372 reliquos
612 1306 765 1356 sortuna·ex
784 1305 905 1356 noslurna

153 1381 221 1432 caede
240 1397 269 1432 ac
288 1380 349 1446 suga
363 1381 462 1446 lecerat,
483 1385 509 1432 in
526 1382 678 1433 deditionem
696 1383 828 1448 accipiunt.
863 1385 906 1433 Ex

155 1460 193 1510 ltis
207 1459 327 1510 ducentos
347 1461 439 1524 viginti
456 1462 573 1528 quinque,
592 1461 635 1526 qui
654 1451 768 1512 omnium
785 1458 905 1510 consensu

152 1538 337 1590 destinabantur
349 1540 374 1589 tt
383 1539 488 1590 insandae
507 1539 655 1588 colonorum
668 1537 740 1588 caedis
749 1537 774 1587 ἃ
790 1536 907 1589 defessio-

153 1617 192 1670 nis
203 1613 322 1679 austures,
333 1615 430 1666 vinctos
442 1619 550 1667 Romam
561 1614 701 1665 deducunt.
726 1625 833 1663 ceteram
845 1614 908 1664 mul·

153 1691 287 1743 titudinem
306 1691 466 1755 incolumem,
482 1690 592 1760 presidio
610 1689 734 1758 imposito,
752 1694 817 1740 Sorae
829 1691 904 1741 relin-

153 1777 242 1835 quunt.
279 1771 380 1832 Omnes,
397 1770 440 1838 qui
457 1773 565 1820 Romam
577 1767 674 1818 dedusli
690 1777 767 1829 erant,
784 1767 861 1831 virgis
876 1769 904 1820 in

153 1847 213 1898 soro
224 1845 285 1909 caesr,
302 1864 332 1900 ac
340 1847 418 1904 securi
430 1847 532 1916 percussi
541 1845 637 1898 summo
649 1845 739 1912 gaudio
749 1844 842 1913 plebis;
861 1860 905 1894 eu-

151 1923 194 1990 j'us
212 1923 323 1976 maxime
339 1925 464 1989 intererat,
489 1935 570 1978 tutam
588 1922 687 1988 ubique,
705 1937 759 1989 quae
776 1921 862 1990 passim
878 1922 906 1972 in

153 1999 267 2052 colonias
278 2001 426 2066 mitteretur,
442 1999 626 2052 multitudinem
634 1995 688 2045 else.

190 2083 277 2129 XXV.
296 2079 421 2139 Consules,
436 2077 469 2126 ab
486 2082 546 2128 sora
563 2071 675 2141 profesti,
692 2073 718 2120 in
738 2084 811 2134 agros
828 2081 905 2136 atque

153 2157 227 2208 urbes
245 2153 374 2202 Ausonum
390 2153 481 2201 bellum
498 2149 643 2200 intulerunt.
661 2156 855 2211 morantemque
873 2163 902 2197 o.

152 2233 223 2284 mnia
233 2227 343 2278 adventu
355 2227 508 2286 Samnitium,
525 2237 601 2290 quum
613 2221 680 2290 apud
695 2221 813 2270 Lautulas
828 2222 904 2273 dimi-

153 2317 238 2358 catum
257 2305 298 2367 csl,
315 2303 421 2366 suerant,
438 2299 670 2366 conjurationesque
687 2297 752 2346 circa
769 2301 902 2366 Campani-

153 2401 196 2438 am
218 2382 302 2452 passim
326 2380 404 2432 satlae.
438 2396 483 2432 nec
510 2384 595 2446 Capua
613 2377 665 2444 ipsa
688 2377 791 2426 crimine
812 2381 901 2430 caruit.

153 2463 216 2529 quin
228 2465 334 2511 Romam
343 2473 443 2524 quoque
451 2459 476 2506 &
488 2456 519 2506 ad
535 2456 675 2523 principrun
686 2454 806 2520 quosdam
824 2457 903 2522 inqui-

153 2537 243 2588 rendos
256 2545 359 2586 ventum
370 2535 412 2584 est.
448 2537 565 2582 Ceterum
582 2529 711 2580 Ausonum
726 2545 785 2596 gens
798 2532 902 2599 proditi·

154 2629 205 2664 one
219 2612 326 2674 urbium,
343 2609 404 2661 sicut
421 2615 489 2672 Sora,
506 2610 533 2658 in
550 2607 695 2676 poteslatcnr
707 2609 786 2659 venit.
821 2611 903 2660 Auso-

154 2709 195 2755 ne,
214 2691 391 2752 &Minturnae,
408 2691 434 2740 ἃ
451 2683 548 2752 Vescia]
565 2677 644 2738 urbes
658 2699 744 2738 erant:
762 2704 795 2738 ex
813 2688 903 2752 quibus

154 2771 277 2839 principes
284 2768 424 2832 juventutis
432 2767 562 2818 duodecim
573 2782 683 2832 numero,
701 2767 726 2816 in
735 2765 903 2834 proditionem

147 2850 254 2900 -urbiutn
271 2847 370 2898 suarum
387 2847 523 2911 conjurati,
536 2846 567 2897 ad
587 2845 697 2898 consules
716 2845 837 2895 veniunt:
855 2842 902 2892 do-

154 2936 220 2990 cent,
231 2927 290 2992 fiens,
300 2925 437 2992 jampridem
454 2933 577 2992 exoptantes
595 2924 724 2974 Samnitium
732 2921 858 2982 decutiam,
869 2919 903 2984 fi·

154 3002 202 3055 tnui
216 3003 245 3055 ad
261 3003 365 3056 unitas
380 3012 500 3074 pugnatum
518 3003 639 3070 audierunt,
652 3012 695 3071 pro
713 2997 779 3052 vittis
796 3001 903 3144 lhirpaJs

816 3091 864 3128 arr
880 3090 900 3144 e,
