2126 3642
372 225 462 296 rr'r
480 239 540 292 nr
568 217 675 288 irrrrr.
853 225 913 314 or¹
987 229 993 236 ·

104 377 111 384 -
148 313 319 412 poprietatem,
325 335 404 403 servos
409 332 449 401 ste
460 329 519 396 hesta
529 329 672 388 venditurum,
689 324 754 374 viltas
764 324 906 394 incensurum.

162 421 203 470 Ne
215 414 360 484 praetoribus
372 411 480 478 quidem,
498 407 539 476 qui
551 407 581 456 ad
597 407 637 471 jus
651 403 781 454 dicendum
793 403 868 452 creaii
880 415 909 451 e·
930 417 931 422 ¹

156 505 228 560 '‘rant,
237 493 345 543 'vacatio
358 492 389 542 ab
401 489 458 540 belli
470 486 679 538 administratione
689 483 745 533 data
757 483 798 532 est.
834 481 910 532 Vale·

162 565 230 630 'tium
241 583 372 640 pretorem
385 571 411 619 in
430 568 545 636 Apuliam
559 566 595 614 ire
608 563 708 631 placuit,
725 562 756 612 ad
771 561 911 612 exercitum

160 655 179 700 ‘d
191 649 313 698 Terentio
321 645 506 713 accipiendum:
525 655 601 708 quum
613 655 646 690 err
658 640 738 689 Sicilia
749 639 857 702 legiones
865 655 911 689 ve·
944 709 948 714 Ι

164 727 262 788 misene,
280 729 309 776 iis
320 725 471 794 potissimum
482 717 519 772 ut'i
534 720 565 769 ad
579 720 686 784 regionis
698 719 750 783 ejus
759 720 895 794 presidium
903 735 915 770 :¹

164 805 350 855 Terentianum
361 802 428 853 mitti
440 815 496 850 cum
507 797 591 863 aliquo
603 797 763 859 legatorum:
778 798 808 845 Et
820 795 916 860 viginti

165 881 277 948 quinque
296 894 373 931 naves
393 881 432 929 M.
453 875 554 926 Valerio
573 873 635 923 datae
652 873 716 936 sunt,
733 873 822 938 quibus
842 887 914 925 oram

147 949 152 958 ’
164 954 315 1026 maritimam
327 961 391 1009 inter
406 951 559 1007 Brundisium
577 967 606 1001 ac
620 953 758 999 Tarentum
770 953 845 1001 rutnri
857 950 915 1019 pos-

168 1031 214 1088 set.
250 1037 297 1086 Par
308 1037 408 1086 navium
424 1046 539 1084 numerus
553 1033 586 1093 Q.
599 1029 690 1078 Fulvio
708 1031 807 1096 praetori
819 1031 915 1080 urbano

168 1113 282 1162 decretus
298 1110 329 1160 ad
346 1105 483 1161 suburbana
500 1108 586 1156 littora
603 1103 715 1157 mranda.
751 1109 780 1154 C.
793 1106 917 1156 Terentio

169 1187 315 1258 proconsuli
333 1187 459 1252 negotium
478 1184 573 1244 datum,
591 1190 619 1230 ut
637 1181 661 1230 in
679 1181 770 1231 Piceno
782 1197 843 1245 agro
856 1197 919 1231 con·-

170 1264 328 1334 'qirr'srtionem
339 1265 447 1314 militum
463 1261 574 1336 haberet,
591 1258 701 1324 locisque
712 1261 742 1308 iis
759 1253 868 1326 praefidio
880 1258 918 1310 es-

170 1345 216 1396 set.
251 1345 285 1393 Et
296 1345 330 1392 T.
345 1341 465 1406 Otacilius
479 1336 582 1399 Crassus,
600 1336 726 1402 postquam
738 1335 812 1387 adem
825 1337 921 1387 Mentis

171 1423 197 1472 in
210 1421 337 1489 Capitolio
354 1407 489 1480 dedicavit,
507 1417 533 1466 in
552 1414 657 1466 siciliam
675 1429 731 1465 curn
743 1416 857 1484 imperio,
874 1418 919 1485 qui

108 1529 114 1536 ·
172 1497 366 1566 ciassipraeeiset,
382 1495 473 1547 missus·¹

151 1573 154 1576 ’
208 1579 337 1644 Xigxsll.
354 1579 384 1624 In
401 1575 464 1646 hane
484 1571 669 1642 dimicationem
689 1571 794 1624 duorum
815 1575 921 1642 opulens

173 1653 322 1708 iimmot-um
334 1657 358 1704 in
370 1655 438 1704 terris
451 1653 598 1722 populorum
610 1643 695 1703 omnes
708 1668 776 1718 reges
789 1655 921 1720 gentesque

173 1738 272 1807 animos
283 1733 445 1784 intenderant.
463 1735 527 1783 inter
538 1747 602 1798 quos
612 1721 921 1799 Philippus‘Macedonum¹

173 1821 228 1878 tex,
247 1829 278 1864 eo
294 1815 387 1878 magis,¹
400 1812 465 1880 qudd
483 1813 585 1881 propior
603 1811 688 1873 Italia,
705 1825 735 1858 ac
746 1812 808 1858 mari
824 1815 922 1861 tantum

171 1894 248 1947 Ionio
267 1889 384 1944 discretus
404 1903 465 1941 erat.
500 1887 523 1940 ss
540 1889 584 1938 ubi
607 1887 714 1955 primum
734 1885 799 1936 sami
816 1889 922 1955 aceepit,

174 1973 341 2025 Hannibalem
354 1967 426 2040 Alpes
439 1968 620 2034 transgressum,
636 1973 665 2015 ut
675 1965 742 2017 bello
753 1967 818 2015 inter
829 1969 923 2016 Roma*

176 2065 221 2102 nos
239 2053 388 2118 Poenumque
405 2059 463 2101 orto
479 2050 574 2100 laetatus
592 2057 653 2107 erat,
679 2045 721 2108 ita,
738 2044 817 2094 utrius
835 2043 924 2112 populi

137 2195 140 2200 Ι
173 2131 259 2183 mallet
270 2130 401 2182 vitreriam
419 2127 475 2193 eise,
491 2129 592 2178 incertis
603 2126 683 2176 adhuc
698 2125 801 2190 viribuS,
820 2123 923 2175 fluctua-

175 2199 215 2261 tus
226 2211 317 2272 animo·
326 2211 417 2260 suerat.
438 2205 583 2277 ¹Postquam
595 2205 728 2280 tertia'jam
741 2219 831 2274 pugna,
849 2197 923 2256 tertia

173 2281 281 2340 'vistoria
298 2281 355 2338 etim
368 2287 453 2338 'Poenis
470 2285 580 2355 crassae
594 2285 720 2336 sortunam
733 2283 869 2348 inclinavit,
887 2284 924 2334 le·

174 2363 295 2431 gatosque
313 2363 344 2416 ad
365 2365 529 2430 Hannibalem
547 2353 627 2414 misit:
646 2364 697 2430 qui,
717 2363 823 2412 vitantes
835 2353 925 2430 portui

174 2443 346 2493 Brundisinum
365 2443 589 2514 Tarentinumque,
606 2443 665 2508 quia
680 2439 801 2493 custodiis'
811 2441 921 2492 navium

175 2519 344 2572 Romanarum
356 2523 513 2590 tenebantur,
522 2523 551 2572 ad
563 2521 672 2572 Lacinia
683 2521 788 2586 Junorris
801 2523 923 2589 templum·

174 2602 200 2653 in
213 2607 302 2651 tetram
315 2599 400 2666 egressi
412 2602 476 2652 sunt.
496 2600 556 2651 Inde
567 2617 612 2670 per
624 2602 740 2668 Apuliam
754 2611 863 2668 petentes
875 2605 923 2650 Ca-

95 2731 99 2735 ,
175 2685 257 2748 purten,
276 2679 393 2730 mediain
407 2680 516 2748 presidia
529 2682 641 2730 Romana
650 2679 711 2729 illati
723 2678 794 2728 sunt:
813 2673 923 2730 deductiss

174 2751 222 2822 q'ue
234 2755 265 2806 ad
278 2759 315 2826 M,
327 2759 455 2808 Valerium
468 2745 599 2830 Laevinum
607 2765 749 2825 praetorem,
765 2757 829 2811 circa
840 2761 923 2808 Nuce⁴

173 2833 237 2884 'riam
251 2835 326 2906 castra
344 2836 484 2888 habentem:
502 2831 559 2888 'Ibi
575 2825 693 2904 intrepide
711 2837 875 2903 Xenophanes
887 2835 923 2886 le·

175 2913 282 2976 gationis
295 2915 417 2981 princeps,
434 2922 449 2966 a
464 2905 583 2984 Philippo
600 2931 657 2980 rege
673 2913 696 2964 se
707 2913 811 2979 missum,
828 2916 872 2976 ait,
889 2911 923 2967 ad

175 2988 311 3062 amieitiam
324 2989 514 3059 societatemque
528 2983 684 3057 jungendam
692 3007 748 3042 cum
761 2992 854 3057 populo
870 2995 922 3039 Roae

173 3065 268 3180 {prims
282 3065 543 3126 mardauneuoread
553 3061 827 3126 consermocinator
836 3078 921 3132 popu-

196 3143 212 3180 3
521 3149 579 3200 Νι
850 3141 922 3206 lum}
