2062 3640
178 252 235 311 ¹376
406 283 410 290 ·
431 246 469 297 Τ.
504 245 528 296 L
545 243 558 295 l
576 245 603 294 V
618 243 633 294 1
648 243 664 293 1
688 249 695 262 '

175 335 257 384 maele
273 347 382 402 quoque,
399 333 443 402 qui
460 335 488 383 in
507 332 619 400 prefidio
631 327 739 380 Tarenti
749 337 836 396 eram,
851 331 941 400 surpe—

176 409 216 461 ἂι
227 411 274 462 elle
285 413 338 476 jam
349 413 429 478 segnis
441 419 513 462 mora
524 412 577 476 ejus
588 409 699 459 desierat.

211 493 259 541 1x.
274 493 530 560 Ceterumpostquam
539 495 681 540 Tarentum
690 488 728 538 ire
739 487 881 551 constituit,
892 487 938 536 de·

176 583 232 619 cem
244 571 353 623 millibus
365 573 477 640 peditum
488 581 562 636 atque
574 569 696 635 equiturn,
713 581 778 632 quos
789 569 818 617 in
830 567 938 634 expedi-

172 647 247 697 ·tioue
259 652 394 702 velocitate
411 663 545 718 corporum
560 663 589 696 ac
600 648 704 696 levitate
714 661 848 710 armorum
858 643 937 713 aptis-

177 724 251 776 fimoe
266 727 313 778 elle
330 739 398 780 ratus
409 729 450 792 eil,
467 728 556 790 crenis,
573 728 663 793 quarti
673 725 760 790 vigilii
772 725 855 777 nodis
867 724 937 790 ligna

176 805 270 854 movit.
288 807 461 873 pramildsque
472 805 599 870 oiloglnta
613 803 665 853 iere
676 802 794 853 Numidis
805 801 937 868 equitibus

176 884 305 950 precepit,
322 895 351 934 ut
368 883 531 934 discurrerent
548 883 615 932 cirea
628 882 691 941 vias,
708 879 936 946 perlustrarentque

176 962 264 1010 omnia
275 965 362 1025 oculis,
373 979 405 1012 ne
413 963 468 1029 quie
477 960 608 1026 agrestium
617 959 706 1027 procul
717 957 844 1025 fpeuntor
855 959 935 1022 agmi-

176 1039 333 1105 nieialleret;
350 1039 492 1110 praegressos
503 1040 662 1098 retraherent,
672 1038 767 1088 obvios
773 1036 933 1100 occiderent,

175 1127 208 1168 ut
218 1120 364 1186 praedonum
380 1122 468 1184 magis,
485 1125 560 1186 quam
576 1119 710 1180 exereitus,
727 1116 820 1166 accolis
838 1116 933 1184 species

179 1195 246 1248 esset.
265 1199 326 1266 ipse,
344 1200 435 1266 raptim
445 1199 544 1263 agmine
554 1196 618 1259 aiio,
634 1195 777 1262 quindecim
786 1193 867 1244 ferme
874 1193 933 1244 mil·

177 1276 240 1326 lium
258 1277 339 1344 spatio
356 1278 432 1326 castra
448 1277 481 1326 ab
494 1281 608 1326 Tarento
618 1274 717 1342 posuit:
735 1274 769 1338 de,
784 1289 815 1323 ue
826 1274 863 1323 ibi
875 1273 932 1340 qui:

177 1353 235 1404 dem
246 1358 374 1418 nunciato,
392 1359 443 1421 qud
454 1367 593 1422 pergerent,
611 1359 708 1404 rantum
717 1364 874 1403 convocatos
883 1353 933 1402 mi-

174 1432 232 1482 lites
244 1435 352 1496 monuit,
369 1433 603 1493 viiomneeiren13
619 1447 665 1482 nec
674 1431 767 1482 diverti
778 1446 932 1498 quenquam

173 1517 222 1559 eut
232 1509 352 1559 excedere
363 1508 477 1558 ordinem
489 1510 595 1574 agminis
607 1518 757 1576 paterentur,
769 1509 794 1557 δι
806 1510 833 1558 iu
845 1511 932 1578 primis

172 1587 267 1638 intenti
278 1587 310 1636 ad
322 1587 427 1654 imperia
436 1588 583 1656 accipienda
595 1587 688 1648 ell'ent;
703 1587 822 1652 neuquid
830 1589 875 1637 nifi
884 1587 931 1636 du·

174 1679 234 1716 cum
243 1661 308 1727 juffu
319 1663 442 1714 iacerent:
461 1664 486 1714 se
500 1667 526 1714 in
539 1675 653 1731 tempore
664 1663 801 1726 editurum,
811 1679 867 1730 quae
875 1665 930 1714 vela

175 1742 212 1794 let
223 1743 272 1808 agi.
308 1743 401 1794 Eddem
411 1743 489 1794 ferme
500 1745 563 1794 hori
575 1747 715 1793 Tarentum
727 1741 795 1793 fama
807 1735 929 1810 perrene-

175 1833 224 1887 -rat,
237 1821 359 1874 Numidas
368 1825 462 1890 equites
474 1839 566 1891 paucos
576 1824 690 1892 populari
702 1837 783 1886 agroS,
795 1834 928 1874 terrorem-

175 1915 227 1968 que
238 1901 286 1953 late
297 1903 430 1967 agrestibus
444 1902 560 1965 injecill'e.
597 1901 637 1951 Ad
649 1917 723 1967 quem
735 1903 856 1953 nuncium
867 1901 930 1953 nihil

175 1977 242 2030 ultra
259 1991 342 2030 morus
361 1979 487 2048 prefeilue
504 1981 639 2042 Romanus,
656 1984 730 2043 quarn
749 1989 778 2028 ut
794 1991 891 2046 partem
902 1995 928 2029 e·

78 2115 86 2124 .
176 2058 275 2126 quitum
287 2060 385 2126 postero
396 2060 436 2109 die
447 2060 507 2109 luce·
514 2059 593 2126 primi
608 2057 707 2123 juberet
718 2059 788 2108 exire
800 2058 831 2108 ad
842 2075 928 2109 arcen-

176 2133 236 2186 dum
254 2131 457 2202 populationibus
474 2138 577 2188 hostem.
595 2137 620 2186 in
639 2147 720 2186 cetera
737 2135 800 2185 adeo
816 2138 879 2187 nihil
893 2138 929 2188 ob

175 2209 204 2260 id
215 2210 310 2262 intenta
321 2228 381 2264 cura
392 2214 435 2278 est,
454 2219 581 2274 utcontra
593 2227 639 2280 pro
650 2221 799 2277 argumento
810 2212 889 2264 fuerit
898 2214 928 2264 il·

174 2289 200 2348 la.
217 2289 374 2356 procursatio
394 2293 569 2358 Numidarum,
590 2293 757 2343 Hannibalem
776 2295 928 2344 exereitum.

174 2380 224 2432 que
235 2367 317 2422 callrie
327 2385 379 2420 non
391 2369 504 2420 movisse.
521 2371 648 2424 Hannibal
657 2369 867 2422 concubiinoiie
876 2387 929 2424 mov

174 2441 225 2492 nit.
249 2442 302 2494 dux
316 2446 473 2496 Philemenus
486 2459 547 2510 erat,
566 2463 624 2500 eum
635 2447 710 2498 solito
722 2457 799 2514 capta
811 2451 927 2501 venario·

174 2521 213 2572 nis
225 2537 308 2572 onere.
329 2524 405 2573 ceteri
424 2524 564 2591 proditores
572 2541 624 2592 ,ea,'
635 2543 690 2594 que
698 2526 928 2596 eompofitaemne,

174 2596 356 2664 exspeilabant.
376 2604 535 2654 Convenerat
547 2617 640 2672 autem,
650 2617 678 2656 ut
689 2607 857 2670 Philemenus,
871 2623 928 2676 por·

176 2677 228 2732 tull
245 2677 336 2732 assueta
348 2682 510 2733 venationem
528 2685 642 2750 inserens,
659 2697 767 2740 armatos
786 2685 929 2738 induceret:

85 2809 89 2822 ‚
176 2765 247 2826 parte
258 2756 306 2806 alie
318 2771 418 2826 portam
429 2763 568 2814 Temenida
580 2765 659 2814 adiret
671 2763 804 2815 Hannibal.
827 2766 864 2814 Ea
876 2781 928 2816 me-

175 2833 314 2886 diterranei
324 2840 425 2903 regione
437 2842 559 2895 orientem
570 2823 702 2910 speitabit.
726 2843 883 2906 aliquantum
892 2845 928 2894 in·

176 2915 314 2970 tramoenia
325 2917 494 2970 includuntur.
515 2926 600 2986 Quum
616 2931 693 2990 portu
702 2920 928 2988 appropinquaret,
1015 2925 1016 2992 J

175 2991 256 3046 editus
267 3009 300 3044 ex
309 2998 447 3062 composito
456 3001 519 3062 ignis
528 3001 560 3049 ab
569 2999 709 3048 Hannibale
721 3000 763 3058 eli,
773 2997 927 3062 refulsitque.¹

141 3085 146 3092 ·
175 3065 420 3130 numennumen
432 3073 652 3140 Niconesununr
670 3071 785 3130 enuntia
797 3070 886 3128 deinde
898 3089 929 3138 u„
1015 3081 1016 3130 3

828 3136 933 3202 trinque·
