2126 3642
386 228 557 292 utana
589 236 693 290 xxm.
861 249 910 304 ιιι
1009 288 1013 297 ,

153 336 196 390 ad
208 332 353 402 Philippum
375 333 493 392 inventae,
510 330 535 382 ἃ
555 301 624 398 palla
648 331 714 380 inter
733 341 816 394 regem
826 331 913 380 Macc-

157 414 258 466 Ιιιοιιιιιιι
284 415 437 478 Poenumque
458 410 557 460 <lucem
591 410 701 471 Quibus
714 407 771 460 satis
796 410 913 476 cognitis,

94 539 104 556 ,
158 493 290 559 optimum
308 490 390 540 visum
403 489 444 539 est
439 489 577 556 ‚captivos
594 486 745 553 conlatosque
756 501 843 538 eorum
860 492 914 540 ιιι»

156 587 231 623 auam
244 571 274 621 ad
292 569 413 634 senatum,
429 580 473 620 aut
490 569 522 628 ad
540 565 658 632 consules,
675 567 817 633 ubicunque
829 567 914 636 essent,

162 651 358 718 quamprimum
373 647 513 718 deportare.
531 647 562 696 ad
574 645 600 696 id
612 645 858 714 celerrimaequinque
869 663 916 698 na·
1003 643 1008 690 ἰ

160 741 208 776 ves
219 725 324 788 deleclae,
341 741 371 776 ac
389 727 420 776 L.
433 724 548 774 Valerius
559 724 655 788 Antias,
672 723 714 788 qni
726 722 840 790 praeeffet,
857 723 914 776 mis·

74 845 80 864 ,
158 801 217 852 tus:
235 803 308 870 eique
319 799 472 864 mandatum,
490 811 519 850 ut
537 800 665 850 in-omnea
682 801 913 868 naveslegatosse·

159 880 270 948 paratim
286 879 459 932 custodiendos
476 877 608 942 divideret,
625 876 742 944 daretque
753 895 913 948 operamne

158 957 231 1024 quod
240 957 272 1008 iis
286 959 440 1024 colloquium
451 957 517 1006 inter
530 956 563 1020 se,
580 970 645 1005 neve
653 971 707 1020 quae
718 959 913 1013 communicatio

163 1031 260 1083 confilii
271 1033 337 1085 effet.
369 1033 494 1084 Periclem
506 1035 603 1099 tempus
615 1035 788 1097 Romaeqnum
801 1038 833 1082 A.
848 1039 911 1086 Gor-

162 1113 248 1166 uellus,
256 1115 400 1179 Mammula,
412 1111 573 1164 erc-sardinia
589 1109 720 1176 provincia
730 1109 856 1174 dccederm
873 1125 913 1162 ιο·

164 1189 265 1253 tulisset,
283 1193 325 1258 qui
336 1193 410 1259 llatus
421 1207 504 1242 rerum
516 1191 541 1241 in
553 1188 632 1240 insula
643 1187 709 1254 effer,
726 1190 858 1240 belluinae
869 1189 914 1240 de·

161 1269 296 1322 teutonem
306 1283 392 1322 omnes
406 1269 529 1339 spellam
547 1273 581 1334 Q:
593 1269 718 1334 Mucium,
736 1269 780 1336 qui
791 1269 913 1322 succeffis·

80 1389 87 1398 .
145 1345 198 1400 -sct
208 1347 261 1414 libi,
278 1351 403 1414 gravitate
420 1349 476 1398 coeli
493 1355 663 1416 oquanunque
679 1347 855 1399 advenientem
866 1363 912 1404 ex

136 1456 138 1468 ι
158 1427 271 1493 acptum,
287 1435 401 1480 nontam
413 1427 440 1476 in
448 1423 623 1494 periculosum,
635 1427 709 1501 quarn
721 1425 833 1493 longum,
845 1441 913 1478 mor·

158 1501 223 1556 bun
237 1501 396 1573 implicitum,
413 1497 457 1555 diu
470 1503 503 1555 ad
517 1503 575 1555 belli
590 1503 645 1555 vim
654 1493 841 1556 stallinenclam'
833 1507 912 1558 rnuti-

133 1591 134 1594 ’
162 1579 214 1632 lem
230 1583 294 1646 fore,
317 1585 506 1650 exercitumque
522 1583 558 1634 ibi
577 1590 608 1632 ιιι
623 1580 800 1648 [octodorum
818 1589 913 1652 pacatae
938 1593 941 1604 “

156 1659 302 1730 'provincia
311 1661 423 1730 praefidio
434 1661 536 1728 elle,'1ta
547 1675 636 1730 parum
646 1659 721 1726 bello,
731 1662 800 1732 quoti
811 1674 913 1718 motum

159 1737 193 1788 iri
205 1735 346 1788 videretur:
363 1739 526 1790 decreverunt
536 1741 629 1802 Patres,
637 1750 667 1788 ut
679 1743 714 1804 Q.
726 1739 830 1790 Fulvius
839 1742 910 1792 Flac*

158 1827 204 1864 cuo
213 1815 322 1881 quinque
329 1815 407 1866 millia
416 1815 536 1883 peditum,
545 1813 737 1882 quadringentos
747 1817 911 1882 equiteoscriv

159 1889 240 1952 beret,
262 1885 367 1959 eamque
385 1893 509 1958 legionem
529 1893 612 1960 primo
631 1899 731 1958 quoque
751 1895 911 1960 temporalia
964 1887 973 1900 “

158 1965 296 2018 Sardiniam
311 1969 484 2034 trajiciendum
501 1978 606 2033 curaret,
623 1963 782 2035 mitteretque
793 1983 850 2020 cum
862 1970 913 2020 lm*

109 2097 112 2102 ,
159 2037 238 2114 perio,
256 2061 328 2112 quem
348 2048 392 2116 ipsc
412 2049 549 2112 videretur,
573 2047 617 2112 qui
638 2057 690 2096 rem
708 2057 811 2110 gereret,
827 2048 912 2116 quoad

159 2121 259 2175 Munus
271 2127 441 2178 convalurllet
463 2125 633 2177 Adeamren
644 2121 728 2175 ιιιιιιιιι
738 2125 779 2174 est
786 2129 822 2176 T.
835 2129 910 2179 Man

158 2199 206 2253 lius
218 2205 370 2270 Torquatus,
388 2206 432 2272 qui
451 2205 490 2256 bis
505 2203 590 2256 consul
602 2203 736 2270 censorque
747 2204 834 2270 luerat,
851 2186 911 2258 suli·

159 2290 293 2352 egeratque
305 2281 331 2332 in
340 2279 470 2335 consulatu
483 2283 578 2334 Sardoo.
613 2281 663 2333 Sub
676 2282 740 2334 idern
750 2283 804 2334 leri
811 2293 911 2352 tempus

159 2357 217 2412 &a
234 2362 410 2428 Karthagine·
402 2379 429 2413 ιιι
440 2363 576 2413 Sardiniam
591 2361 666 2412 clallia
682 2361 760 2429 milla,
771 2363 834 2414 duce
846 2363 911 2415 Haf-

161 2435 272 2504 drubale,
290 2441 331 2490 cui
353 2441 435 2492 Calvo
453 2455 593 2506 cognomen
613 2451 673 2506 crat,
690 2441 754 2493 sada
768 2443 912 2510 tempestate

162 2525 263 2582 vexata,
276 2516 307 2566 nd
322 2519 429 2569 Baliares
441 2517 530 2568 insulas
542 2517 665 2582 dejicitur.
682 2518 766 2586 ibique
775 2519 846 2586 (adeo
857 2533 911 2575 noa
962 2575 967 2586 ,

160 2587 313 2646 annamenta
323 2597 408 2659 modo,
425 2595 466 2646 fed
481 2597 564 2650 etlam
574 2597 640 2647 alvei
652 2599 756 2648 navium
768 2597 896 2668 quallatl
882 2611 910 2648 e·

158 2663 223 2736 rant)
251 2663 411 2724 subdullae
395 2688 473 2724 naves
494 2671 555 2726 dum
575 2673 729 2738 reficiuntur,
753 2673 911 2744 aliquantum

159 2748 278 2812 temporis
293 2749 427 2800 triverunt.

192 2825 305 2874 XXXV
323 2827 354 2874 In
372 2823 445 2874 Italia
461 2838 538 2890 quum
556 2825 610 2894 poll
623 2826 776 2878 Cannensem
788 2837 909 2895 pugnarn,

158 2895 240 2950 uanis
257 2900 334 2967 partis
350 2901 450 2951 alterius
461 2902 566 2968 viribus,
585 2903 684 2954 alterius
696 2903 908 2968 ιιιοιιίιιιιιιιιιιιιι,

158 2972 256 3040 segnius
267 2978 362 3028 bellurn
368 2975 445 3028 ess'et:
463 2981 583 3046 Campani
600 2997 644 3050 per
658 2981 685 3031 se
694 2981 776 3032 adorti
788 2982 843 3031 lunt
854 2994 909 3034 rem

159 3057 299 3136 Cumanam
307 3055 357 3111 suaa
372 3057 473 3110 ditionis
486 3058 582 3122 lacero,
599 3063 680 3132 primo
691 3059 911 3123 reluctaturum

501 3138 558 3198 Νι
872 3133 907 3190 ab
