2058 3642
209 221 260 283 με
466 219 504 270 ⁶1¹.
539 217 698 270 lell

207 308 303 366 ehisem
315 309 410 377 appulit
422 307 488 360 inter
499 311 632 375 sicyonem
644 301 669 360 Se
683 309 855 375 Corinthum,
870 325 968 379 agrum·

207 401 257 454 que
268 386 419 438 nobiliffima
430 387 566 438 fertilitatis
576 385 652 438 cssute
663 387 788 438 vastavit.
826 392 902 440 Fama
915 392 968 455 eius

206 467 243 518 rei
255 465 399 532 Philippum
411 467 443 516 ab
457 466 523 517 ludis
537 465 650 516 excivit:
667 465 819 533 raptimque
831 483 892 519 cum
903 470 968 535 equi·

206 550 260 591 tatu
279 540 412 609 proselitis,
427 541 494 608 jussis
511 540 624 608 subsequi
643 540 782 609 peditibus,
801 545 903 612 palatos
919 543 966 613 pas-
987 534 1000 547 ”

204 615 251 672 iim
258 633 309 686 per
323 634 396 684 agros
414 618 552 686 gravesque
563 617 646 686 prada
666 619 707 681 (ut
718 621 764 686 qui
779 622 847 672 nihil
862 624 911 673 tale
922 639 967 673 me·

206 703 317 764 tuerent)
333 697 436 749 adortus
448 701 584 760 Romanos,
601 696 726 764 compulit
737 698 765 748 in
777 713 870 751 naves.
907 699 966 750 Clas·
999 763 1000 766 Ἴ

207 773 238 828 iit
260 777 384 839 Romana,
407 775 597 842 haudquaquam
618 775 675 824 leta
695 775 789 842 prtdi,
809 777 966 846 Naupasiunt

206 851 292 906 rediit.
328 853 445 922 Philippo
463 867 562 920 quoque
579 851 705 916 ludorum,
724 855 771 918 qui
783 856 881 922 reliqui
895 867 967 916 mant,

206 931 378 984 celebritatem
399 941 602 998 quantacunque,
619 929 651 979 de
670 933 797 982 Romanis
820 943 918 997 tamen,
934 935 967 982 ti-

209 1006 294 1059 iiotiae
308 1019 383 1076 pertz
393 1006 461 1058 sama
471 1016 590 1067 auxerat;
601 1005 736 1070 latitiique
746 1007 851 1072 ingenti
863 1011 968 1059 celebro·

207 1085 228 1136 ri
240 1084 293 1136 selli
304 1085 370 1137 dier:
383 1100 415 1136 eo
426 1086 505 1150 magia
516 1083 680 1150 etiamqudd,
688 1087 854 1150 populariter
865 1079 968 1155 dempto

207 1164 296 1232 capitis
308 1163 404 1228 intigni,
422 1165 588 1232 purpuraque,
597 1172 670 1228 atque
681 1161 733 1212 alio
743 1163 818 1226 regio
826 1165 930 1229 habitu,
943 1183 970 1216 a·

206 1251 333 1310 quateret
350 1242 437 1292 ceteris
456 1241 481 1290 se
498 1242 523 1290 io
543 1241 663 1307 speciem:
680 1255 732 1308 quo
744 1242 810 1291 nihil
830 1246 932 1307 gratius
943 1246 970 1294 eli

207 1319 354 1372 civitatibus
366 1319 459 1370 liberis·
488 1317 680 1382 Praebuissetque
691 1317 757 1368 haud
770 1319 881 1370 dubiam
895 1338 929 1372 eo
940 1323 970 1372 so·

206 1395 248 1448 sio
260 1395 328 1464 spem
338 1396 466 1456 libertatis,
485 1395 529 1446 nili
541 1396 628 1446 omnia
639 1396 789 1446 intolerandi
801 1397 923 1450 libidine
935 1401 970 1450 ste·

111 1531 117 1544 x
205 1473 239 1524 da
259 1488 289 1524 ac
308 1473 432 1525 deformia
449 1472 575 1548 eilpcilset.
593 1474 734 1538 vagabatur
750 1474 817 1523 enim
836 1491 904 1527 eum
926 1495 971 1527 uno

148 1585 154 1592 -
204 1561 250 1602 aut
266 1551 344 1602 altero
364 1551 457 1601 comite
475 1565 519 1617 per
531 1552 632 1601 maritas
644 1551 733 1602 domos
748 1551 799 1602 dics
819 1553 973 1621 nothesque:

206 1629 242 1694 dc,
251 1627 416 1679 submittendo
426 1631 451 1678 in
465 1628 592 1696 priuatum
605 1617 739 1694 lastigittin,
749 1645 801 1696 quo
814 1632 905 1684 miuus
915 1650 972 1683 con-

207 1706 310 1776 spretus,
322 1722 353 1758 eo
365 1705 471 1758 solutior
481 1716 549 1756 erat:
567 1707 748 1763 &libertatem
761 1721 843 1773 quum
857 1710 918 1760 aliis
931 1725 972 1758 ta·
998 1763 1000 1778 ,

207 1801 267 1840 nam
278 1784 424 1848 ostendisset,
436 1797 515 1838 totam
525 1786 550 1835 itt
561 1785 628 1834 suam
639 1785 766 1836 licentiam
780 1796 912 1837 verterat.
926 1792 971 1837 Ne·
999 1799 1000 1822 l

208 1879 258 1933 que
273 1864 340 1914 enim
361 1864 445 1914 omnia
462 1861 560 1913 emebat
578 1872 621 1911 aut
639 1861 842 1926 eblandicbatur,
861 1864 910 1915 sed
922 1868 971 1916 vim

207 1943 284 1994 etiam
302 1943 402 2006 flagitiis
420 1941 570 1996 adhibebat:
590 1939 808 2008 periculosumque
829 1944 856 1993 ἃ
870 1945 971 1995 viris&

207 2020 351 2090 parentibus
363 2032 424 2085 emt,
442 2007 710 2086 moram‘incommodi
719 2017 858 2069 severitate
872 2021 971 2072 libidini

206 2101 282 2165 tegiae
296 2098 387 2149 secisse.
405 2100 449 2148 uni
463 2100 538 2148 etiam
552 2097 656 2164 principi
669 2098 820 2148 Achaeorum
835 2101 973 2153 Aratoad·

208 2189 293 2245 empta
306 2193 374 2228 uxor
393 2179 494 2228 nomine
507 2177 704 2244 Polycratia,‘ac
720 2176 762 2242 spe
780 2179 917 2243 regiarum
931 2196 973 2232 nu·

207 2256 316 2323 ptiarum
336 2257 362 2306 in
381 2256 558 2306 Macedoniam
574 2252 700 2328 asportata
719 2253 810 2304 suerat.
849 2259 904 2307 Per
924 2261 973 2308 hae

206 2333 302 2398 flagitia
314 2332 409 2382 solenni
429 2336 584 2383 Nemeorum
601 2330 706 2398 peraslo,
724 2330 867 2396 paucisque
882 2336 975 2386 additia

98 2403 107 2422 ¹
207 2407 302 2471 diebus,
315 2413 412 2474 Dymas
424 2410 456 2456 esi
469 2409 601 2474 prosetius,
614 2406 645 2458 ad
656 2405 792 2475 praestdium
806 2409 972 2476 AEtolorutn,

207 2483 275 2552 quod
288 2488 320 2535 ab
333 2487 399 2536 Eleis
410 2487 519 2535 accitum
531 2499 709 2554 acceptumque
721 2486 746 2534 in
755 2485 846 2535 urbem
859 2502 931 2554 erat,
949 2507 972 2540 e·

97 2567 114 2574 ’“
203 2561 349 2628 jiciendum.
387 2562 519 2628 Cycliadas
537 2565 622 2630 (penes
643 2580 700 2614 eum
712 2562 807 2613 summa
826 2564 937 2631 imperii
951 2584 976 2617 e-

207 2643 257 2706 rat)
275 2640 410 2706 Achaeique
425 2641 456 2692 ad
473 2644 570 2708 Dymas
582 2641 789 2708 regioccurrdre:
807 2641 976 2700 &Eleorum

207 2717 302 2772 accensi
320 2719 389 2782 odio,
406 2719 472 2788 quod
489 2726 504 2770 a
522 2723 609 2772 ceteris
630 2722 727 2772 Achaeis
746 2718 922 2772 dissentirent:
949 2727 976 2774 dt

210 2795 295 2848 insenst
316 2797 414 2860 AEtolis,
440 2813 503 2862 quos
520 2802 662 2848 Romanurn
682 2811 781 2862 quoque
800 2795 928 2849 adversus
952 2801 976 2850 se

209 2873 314 2929 movisse
328 2875 421 2926 bellum
438 2877 579 2928 credebant.
615 2875 720 2927 Proleeii
735 2876 767 2924 ab
783 2876 887 2940 Dymis,
907 2893 974 2928 con-

205 2955 294 3019 junsio
305 2957 415 3004 exercitu
433 2954 559 3004 transeunt
571 2953 685 3007 Larisum
696 2967 801 3016 amnem,
818 2953 862 3017 qui
876 2956 974 3006 Eleum

205 3045 297 3095 agrum
309 3030 341 3082 ab
353 3033 461 3098 Dymaeo
472 3030 577 3083 dirimit.
937 3077 942 3089 .

768 3105 972 3160 xxxuaeert-
