2062 3640
307 157 474 251 erist
512 167 613 248 xxvi.
782 213 832 264 ⁴³³

67 285 144 344 fulto
157 299 221 358 opus
234 283 301 336 ell'et.
325 290 399 340 ,Inter
410 287 462 336 haee
474 287 598 338 Hannibal
610 283 641 336 ad
656 284 778 338 Anienem
790 293 836 339 llu-

68 372 162 430 vium,
180 368 228 418 tria
241 367 319 419 millia
332 367 443 434 pallirum
454 364 487 414 ab
498 363 567 426 urbe,
586 365 660 416 castra
672 365 795 417 admovit.
813 368 836 418 i-
903 355 911 368 ⁹

69 449 104 500 bi
119 447 215 498 llativis
226 445 320 514 politis,
335 443 386 513 ipse
398 459 455 494 cum
467 443 565 494 duobus
577 444 686 496 millibus
697 447 837 512 equituma

72 536 158 595 posta
171 525 268 576 Collina
279 524 357 590 usque
374 521 406 572 ad
422 522 535 572 Herculis
547 523 667 590 templum
679 524 711 573 eil
723 522 837 592 progres-

73 603 135 664 sus;
159 612 241 668 atque,
263 601 331 654 unde
349 601 465 668 proxime
485 610 592 667 poterat,
609 601 699 651 moenia
715 597 838 670 situmque

73 681 151 734 urbis
163 681 309 748 obequitans
317 677 546 745 eontemplabatur.
581 677 611 728 ld
623 693 680 739 eum
698 690 748 730 tam
760 680 838 732 lieen-

76 771 121 810 ter
132 769 208 826 atque
220 759 301 810 otiose
311 757 403 820 facere,
421 755 510 805 Flacco
521 753 650 818 indignum
661 755 743 806 visum
756 756 798 806 est.
816 756 839 806 i-

75 849 159 904 taque
175 837 276 888 immisit
291 836 395 902 equites,
413 833 615 900 summoverique
632 843 706 900 atque
719 835 745 884 in
762 835 840 888 calita

76 913 164 980 redigi
183 916 291 972 bostium
311 915 452 981 equitatum
470 911 546 976 jussit.
583 914 667 975 Quum
680 912 839 964 commissum
896 975 899 980 Ι

77 995 198 1062 proeliurn
217 993 284 1058 esset,
307 991 419 1052 consules
439 989 577 1054 transfugas
598 989 774 1053 Numidarum,
794 989 839 1055 qui

78 1081 140 1120 tum
158 1069 184 1120 in
202 1071 331 1120 Aventino
348 1068 379 1128 ad
397 1066 466 1120 tuille
483 1065 646 1116 &ducentos
663 1076 741 1128 erunt,
759 1066 841 1118 medis

78 1147 150 1198 urbe
160 1145 262 1196 transite
272 1144 403 1212 AEsquilias
418 1140 554 1208 jusserunt:
573 1143 653 1192 nullos
665 1143 784 1210 aptiores,
802 1144 842 1197 irr-

80 1236 123 1278 ter
135 1223 263 1277 convalles
280 1222 390 1290 testeque
407 1223 540 1272 hortorum
558 1220 583 1272 ἃ
601 1219 730 1289 sepulchra
744 1232 787 1272 aut
799 1237 842 1272 ea·

79 1319 130 1356 vas
147 1303 257 1376 undique
275 1305 336 1366 vias,
353 1302 385 1354 ad
405 1299 566 1370 pugnandum
586 1299 684 1352 futuros
701 1302 842 1371 rati-quos

76 1399 163 1451 quum
175 1399 208 1434 ex
219 1400 278 1435 arce
289 1381 468 1451 Capitolioque
483 1380 552 1430 clivo
565 1380 667 1447 publico
678 1381 703 1431 in
716 1382 785 1448 equis
797 1381 846 1444 de*x

83 1471 212 1512 currentes
228 1461 331 1527 quidam
349 1457 473 1520 vidissent,
491 1468 592 1525 captum
605 1461 760 1520 Aventinum
779 1477 841 1511 eorr-

82 1539 269 1589 clamaverunt.
290 1541 327 1587 Ea
338 1553 376 1587 res
387 1536 628 1588 teutumtrunultum
638 1554 667 1589 ae
679 1538 764 1604 sugam
777 1555 841 1608 prae·

83 1617 152 1679 buit,
169 1627 206 1679 ut,
224 1615 270 1666 nili
282 1617 357 1666 esllra
369 1615 460 1666 Punica
471 1626 544 1666 extra
556 1614 642 1675 urbem
655 1615 762 1678 suiffent,
779 1617 842 1668 effu·

83 1693 143 1749 sura
154 1693 180 1744 se
190 1695 272 1746 omnis
283 1692 376 1762 pavida
384 1691 521 1757 multitudo
533 1691 617 1744 suerit.
638 1704 697 1744 tune
709 1695 734 1744 in
750 1695 839 1747 domos

83 1770 161 1838 atque
172 1773 199 1824 iu
217 1771 280 1824 testa
297 1771 467 1838 refugiebant:
486 1770 613 1838 vagosque
626 1771 651 1822 in
663 1772 712 1822 viis
724 1771 780 1822 suos
792 1790 842 1840 pro
917 1765 927 1772 ⁸

84 1852 195 1903 hostibus
212 1845 335 1920 lapidibus
353 1851 457 1918 telisque
473 1849 632 1902 incessebant.
667 1853 721 1901 Nec
733 1851 843 1920 compri-

83 1931 122 1982 mi
140 1931 259 1982 tumultus
276 1931 418 2000 aperirique
430 1945 501 1982 error·
512 1940 619 1997 poterat,
638 1929 735 1980 refertis
747 1932 842 1983 itineri·
867 1955 870 1960 v

85 2010 134 2064 bus
144 2011 275 2077 agrestium
287 2012 360 2064 turbs
379 2024 556 2078 pecorumque,
574 2025 630 2076 quae
642 2011 784 2077 repentinus
796 2027 842 2078 pa-

84 2103 136 2142 vor
152 2090 178 2141 in
195 2091 284 2142 urbem
298 2090 463 2157 compulerat.
502 2089 619 2156 Equellre
630 2089 744 2157 proelium
755 2088 842 2142 secuu-

86 2165 147 2222 dum
158 2168 215 2232 suit,
232 2169 399 2236 summotique
411 2168 490 2220 hostes
502 2169 573 2218 sunt:
592 2168 626 2231 de,
638 2167 695 2235 quia
707 2168 791 2220 multis
803 2171 843 2221 lo.

85 2246 121 2298 cis
135 2246 316 2316 comprimendi
331 2245 452 2296 tumultus
465 2256 544 2309 erant,
561 2247 604 2312 qui
617 2257 709 2296 temere
724 2247 841 2299 orieban-

84 2334 144 2390 tut„
151 2325 253 2392 placuit,
264 2341 366 2388 omnes,
390 2324 433 2390 qui
453 2323 592 2387 diilatotes
609 2323 729 2389 eonsules,
753 2328 846 2378 censo·-

86 2401 158 2456 resve
174 2403 283 2470 luissent,
301 2421 359 2456 cum
378 2405 485 2473 imperio
503 2403 558 2469 esse,
578 2403 658 2456 donee
678 2406 805 2457 recessisset
824 2412 842 2462 ὲ

85 2479 260 2532 muris·hostis.
287 2483 318 2530 Et
329 2481 378 2532 diei
390 2483 458 2549 quod
469 2483 593 2549 reliquum
605 2483 661 2548 suit,
676 2485 705 2550 de
718 2485 789 2536 nodie
801 2489 841 2540 in·
931 2522 941 2530 a

86 2557 210 2686 seqplpnti
225 2557 298 2609 multi
313 2569 407 2612 temere
424 2561 527 2614 excitati
545 2562 665 2612 tumultus
687 2561 752 2630 sunt,
770 2581 841 2618 com·

87 2650 287 2768 wilppgstem
303 2715 344 2768 die
363 2715 520 2783 transgresus
535 2719 670 2771 'Anienem'
677 2721 801 2773 Hannibal
812 2724 840 2775 in

85 2794 164 2848 aciens
181 2810 268 2846 omnes
285 2799 372 2864 copias
387 2785 489 2847 eduxit:
508 2813 552 2848 nee
567 2797 667 2847 Fluceru
680 2800 841 2868 consulesque

86 2882 211 2924 certamen
230 2874 408 2926 detreilavere.
444 2876 566 2926 Inslruslis
587 2878 703 2942 utrinque
722 2881 840 2930 exerciti·

86 2949 175 3004 busin
195 2949 247 3013 ejus
265 2967 354 3020 pugnae
372 2953 463 3015 casum,
481 2955 507 3004 in
524 2971 574 3022 qua
586 2955 644 3006 urbs
657 2959 736 3006 Roma
744 2957 840 3008 -vislori

11 3091 13 3098 Ι
88 3026 216 3092 premium
233 3025 300 3100 esset,
317 3032 400 3096 imber
415 3033 502 3098 ingens
520 3033 639 3101 grandine
656 3035 750 3088 mixtus
763 3036 797 3084 ita
809 3049 839 3083 u·

106 3107 182 3160 ΤΟΜ·
201 3107 239 3162 Hs
463 3113 491 3164 Τ
622 3112 625 3116 ⁴
760 3122 836 3164 mm·
886 3154 890 3158 -
986 3135 991 3142 “

13 3191 16 3198 “
239 3193 243 3202 “
465 3195 480 3220 ἱ
