2126 3642
164 222 221 280 He
429 227 657 278 T.1.1v11

168 311 292 368 suaserant
303 309 385 380 duca,
397 328 444 382 pro
456 314 527 366 Italia
539 326 614 382 atque
625 311 812 367 urbe'Rontana
821 329 865 370 ene
876 309 930 388 pin.

157 403 254 456 gnate.
275 391 367 457 itaque,
384 392 454 442 velut
467 393 556 460 quibus
568 391 660 442 reditus
672 391 698 440 in
710 393 816 460 patriam
827 411 858 445 eo
871 393 921 444 dis·

127 535 130 544 ν
167 467 272 520 erimine
284 483 373 536 pugnat
385 479 532 532 verteretur,
550 469 737 540 obstinaverant
747 471 845 534 animis,
863 473 921 523 virr-

1 551 3 563 '
70 555 77 565 ·
167 559 224 618 cere
234 549 364 598 autmari.
399 547 485 598 Mintlr
496 545 633 616 pertinaces
645 547 715 597 viros
726 547 834 598 habebat
845 550 923 600 altera

164 625 242 676 aeica.
260 639 319 676 narn
334 627 447 678 maxima
463 639 519 694 pare
532 625 641 692 Hispani
653 636 723 676 erant
735 643 746 692 :vv
760 627 802 692 qui
814 628 884 684 vinci
895 627 923 678 in

166 702 297 772 Hispania,
315 711 391 774 quam
411 703 518 756 villares
537 704 563 754 in
581 703 679 754 Italiam
695 700 768 767 trabi,
785 692 921 757 rnalebant.

168 781 253 834 Primo
265 781 343 858 igitur
354 782 484 847 concursu,
500 797 579 848 quum
590 781 638 832 vix
653 781 703 848 pila
714 781 825 846 conjecta
837 782 921 849 essent,

167 863 253 915 retulit
264 862 353 931 pedem
363 861 446 914 media
457 863 530 926 acies,
548 859 760 927 inferentibusque
772 859 821 910 sese
829 877 923 927 magno

168 941 266 1010 impetu
277 943 399 994 Romanis
412 953 480 1008 terga
493 941 578 992 vertit.
615 940 703 990 Nihilo
715 939 812 1004 segnius
824 939 850 988 in
866 955 923 990 cor·

170 1021 245 1072 nibus
256 1021 372 1090 praelium
383 1019 441 1072 suit.
459 1021 627 1082 hinci'oenur,
645 1019 703 1068 hinc
718 1017 779 1068 Aser
789 1027 877 1082 urget:
895 1018 922 1069 dt

168 1099 279 1153 velutin
296 1099 481 1152 circumventor
498 1097 585 1166 praelio
604 1095 709 1162 ancipiti
720 1105 840 1164 pugnant.
875 1095 923 1150 Sed

167 1193 248 1247 quum
259 1179 286 1230 in
293 1179 406 1232 medium
418 1187 471 1228 tnta
485 1177 538 1241 jam
551 1177 638 1228 coisset
652 1181 766 1228 Romana
776 1177 848 1242 aclea,
866 1175 924 1226 satit

139 1289 145 1294 -
165 1255 266 1306 ‘virium
283 1253 314 1304 ad
332 1253 484 1306 dimovenda
495 1253 603 1304 hostiurn
614 1268 708 1304 cornua
725 1254 821 1304 habuit.
840 1254 925 1319 itaque

168 1330 221 1394 'due
238 1330 338 1382 diversa
354 1332 440 1399 praelia
457 1341 546 1382 erant:
569 1342 677 1399 utroque
693 1333 810 1394 Romani,
827 1333 925 1396 utqui,
1001 1369 1005 1378 ,

166 1407 244 1484 ‘pulsu
263 1407 364 1460 tandem
381 1407 476 1472 mediis,
493 1409 519 1459 dt
537 1423 642 1462 nurnero
660 1411 686 1462 lit
703 1411 795 1462 robore
812 1411 925 1461 virorum

165 1484 321 1556 prestarent,
335 1486 490 1544 hauddubie
502 1485 657 1554 superdrunt.
685 1491 781 1554 Magna
792 1489 831 1538 vis
842 1489 925 1556 honri-

168 1571 232 1618 irum
245 1563 280 1616 ibi
292 1558 383 1629 decisa,
395 1565 429 1628 dt,
440 1564 486 1616 nist
498 1564 603 1634 Hispani
614 1565 724 1616 vixdum
735 1565 849 1618 conserto
862 1581 926 1634 proe·

79 1651 81 1658 '
166 1641 207 1696 'lio
219 1651 272 1696 tam
286 1639 362 1694 effuse
372 1639 507 1710 fugissent,
514 1645 632 1710 perpauci
643 1659 677 1695 ex
688 1653 742 1696 tota
753 1637 926 1712 superfuissent
981 1651 989 1662 ¹

153 1721 232 1790 tacte.
267 1721 391 1788 Equestris
410 1737 495 1790 pugna
506 1721 574 1774 nulla
590 1720 726 1781 admodum
737 1721 795 1772 suit.
813 1723 882 1790 quia,
893 1721 924 1772 sr-

165 1794 224 1850 'tnul
235 1796 380 1850 inclina'tanr
390 1795 499 1853 mediam
514 1799 596 1850 aciem
613 1799 698 1849 Mauri
711 1798 873 1865 Numidaeque
884 1799 926 1848 vi-

170 1875 273 1946 derunt,
290 1879 418 1949 extemplo
431 1877 490 1946 iugi
501 1877 577 1928 esstrsi
587 1875 654 1928 nuda
670 1893 772 1942 cornua,
789 1878 927 1946 elephantia

170 1970 273 2026 quoque
284 1973 334 2026 prae
350 1957 374 2010 se
383 1955 456 2029 aiiii,
470 1955 607 2010 deseruere.
642 1957 675 2006 Et
686 1954 833 2018 Hasdrubal,
849 1955 926 2022 usque

134 2077 138 2084 ,
170 2033 205 2088 ad
222 2035 340 2090 ultimum
357 2047 476 2088 eventum
494 2048 583 2104 pugna
600 2045 720 2097 moratus,
737 2037 752 2082 ὲ
767 2032 849 2086 media
861 2033 927 2087 cade

171 2127 232 2166 cum
240 2115 326 2182 paucis
337 2113 436 2179 effugit.
456 2171 458 2176 ,
472 2111 556 2164 Castra
570 2113 679 2162 Romani
691 2125 787 2180 cepere,
804 2122 877 2178 atque
888 2111 927 2162 di·

172 2189 283 2258 ripuere.
317 2193 354 2240 Ea
371 2188 498 2258 pugna,'st
515 2204 565 2257 qua
581 2187 657 2240 dubia
674 2184 835 2256 iu'ttispania
846 2199 928 2254 crant,
963 2220 971 2235 .

170 2267 294 2320 Romanis
305 2267 422 2332 adjunxit
434 2287 441 2320 ε
460 2267 657 2333 Hasdrubalique
669 2282 720 2318 nan
730 2265 806 2316 modb
817 2266 844 2314 in
854 2267 926 2318 Itali·

170 2359 214 2396 am
225 2345 369 2400 traducendi
381 2348 514 2412 exercitlls,
532 2346 573 2397 sed
584 2360 616 2398 ne
628 2345 739 2396 manendi
751 2343 851 2412 quidem
865 2343 934 2394 satis·

169 2425 226 2480 tutb
238 2425 265 2474 itt
275 2424 402 2494 Hispania,
414 2429 482 2496 spem
497 2427 613 2496 reliquit,
637 2431 699 2494 Quae
708 2425 839 2494 postquam
848 2423 927 2476 literis

171 2501 318 2568 Scipionum
337 2507 425 2557 Roma
445 2505 549 2570 vulgata
568 2503 633 2569 sunt,
660 2522 712 2558 non
732 2517 786 2556 tant
809 2503 932 2572 victoria„

171 2581 249 2708 quim
260 2578 390 2648 prohibita
401 2579 561 2636 Hasdrubalis
579 2583 605 2634 in
617 2582 717 2637 ltaliam
733 2581 842 2648 transitu,
859 2581 927 2634 laeta·

194 2663 277 2708 antur.

209 2737 297 2796 XXX.
315 2739 382 2792 Dum
400 2739 453 2798 hae
469 2739 497 2790 ln
508 2737 628 2808 Hispania
645 2751 773 2808 geruntur,
791 2739 883 2796 Petelia
902 2739 930 2790 in

173 2809 286 2882 Bruttiis,
298 2817 395 2886 aliquot
407 2819 460 2888 post
471 2817 603 2884 mensibus,
621 2826 696 2888 quam
708 2829 790 2888 coepta
798 2831 929 2887 oppugna-

172 2893 269 2960 cierat,
286 2895 319 2946 ab
330 2897 482 2960 Himilcone,
499 2895 615 2968 praeseiio
626 2897 785 2962 Hannibalis,
801 2909 929 2962 expugna:

173 2979 202 3022 ta
221 2973 264 3046 eli.
299 2975 384 3046 Mqlto
400 2975 519 3044 sanguine
541 2989 571 3024 ac
590 2973 743 3028 vttlncribus.
761 2972 930 3042 ealPoenisvi-

172 3031 254 3120 iloria
264 3049 345 3108 stetit.-
362 3068 408 3110 nce
418 3053 470 3110 ulla
480 3052 561 3126 magis
575 3049 745 3126 vitobsesspa,
759 3047 936 3122 quadrantes,

182 3171 188 3178 .
430 3131 436 3142 ¹
556 3139 560 3144 “
680 3135 684 3140 ·
846 3137 930 3193 expu-
