2058 3642
114 212 164 268 508
377 201 611 260 trivit

111 297 220 348 elamore
231 293 337 360 subiato,
354 296 400 347 sub
422 309 507 348 ortum
518 297 596 348 serore
608 295 680 361 iuris,
699 297 775 350 nullo
791 299 874 353 obvio
937 295 938 298 ’

110 383 215 434 umato,
226 373 252 424 in
264 371 347 426 sorum
356 376 523 442 perveniunt:
541 375 680 442 omnesque
693 373 820 444 undique,
830 379 873 445 qui

109 447 140 500 ed
152 463 234 500 arcem
247 461 398 518 portumque
412 452 565 520 pugnabant,
584 453 609 502 in
622 451 646 501 se
658 463 857 506 converterunt.

142 529 218 578 xv1.
238 529 355 580 Pndium
370 530 396 579 in
408 529 477 580 aditu
495 528 544 578 sori
559 527 655 593 majore
668 529 780 597 impetu,
799 537 875 598 quarn

108 605 300 672 perseverantii,
317 607 472 660 commissum
484 606 526 656 esi.
544 607 701 668 nonanimo‚
720 623 777 660 non
789 613 875 675 armis,

107 698 160 736 non
173 697 227 737 arte
241 687 309 751 belli,
326 703 378 738 non
396 689 486 751 rigore
502 695 546 734 aut
563 685 663 736 viribus
681 689 812 754 corporis,
831 701 878 756 par

107 767 226 817 Romano
244 767 399 817 Tarentinus
417 775 478 815 erat.
512 764 602 827 Igitur,
621 764 679 831 pilis
691 771 797 817 tantun
809 783 877 818 con-

104 842 184 908 jeiiis,
201 846 269 913 prius
282 849 352 913 pene,
369 849 445 912 quam
454 839 611 893 consererent
622 858 722 906 manus,
743 855 819 909 terga
832 847 875 895 de·

107 919 208 987 derunt,
224 921 360 991 dibpsique
371 936 415 988 per
431 929 492 970 nota
503 917 570 967 urbis
583 919 674 968 itinera
691 921 718 967 in
733 919 791 970 suas
805 922 875 972 arni-

108 1013 247 1068 corumque
259 1001 357 1052 domor.
391 1001 452 1049 Duo
468 1013 502 1048 ex
518 997 624 1048 ducibus
642 998 710 1048 Nico
730 998 759 1048 aie
772 1003 874 1052 Demo-
938 1033 939 1080 r

107 1090 187 1129 eratne
201 1079 301 1130 sortirer
317 1087 455 1148 pugnantes
471 1075 593 1126 cecidero
624 1071 810 1141 Philemenus,
828 1080 873 1145 qui
938 1081 939 1088 ’

106 1159 258 1226 proditionis
274 1157 306 1209 ad
323 1156 490 1208 Hannibalern
501 1153 588 1206 auiiot
601 1154 692 1215 suerat,
711 1171 796 1220 quum
810 1160 872 1208 cin·

105 1247 135 1287 tn
146 1249 213 1302 equo
228 1250 261 1288 ex
279 1235 369 1304 proelio
385 1234 486 1304 aveiiue
498 1231 571 1296 ’essem
588 1247 667 1298 vagus
679 1234 761 1299 paulo
778 1236 836 1301 post
847 1251 873 1285 e·

105 1327 169 1378 quus
180 1328 263 1364 errans
280 1329 325 1382 per
341 1314 430 1364 urbem
442 1313 571 1377 cognitus3
589 1325 679 1379 corpus
691 1311 822 1377 nusquam
834 1315 872 1364 in·

104 1401 208 1440 ventum
225 1391 267 1440 esi.
285 1389 408 1442 creditum
427 1390 506 1454 vulgo
522 1393 564 1454 est,
581 1391 607 1439 in
626 1399 732 1458 puteum
746 1401 869 1457 apertum
938 1449 939 1462 ἵ

103 1483 138 1518 ex
148 1483 214 1534 equo
225 1467 396 1536 precipirbss'e·
414 1469 595 1518 Kanhalonem
606 1478 701 1526 autem.
719 1468 871 1534 praseiium

104 1544 208 1614 presidii
220 1546 316 1610 Punici,
334 1561 391 1596 erun
407 1545 648 1597 commemoratione
663 1547 767 1613 paterni
780 1547 870 1614 hospi·
938 1545 939 1554 ’

105 1625 144 1688 tii,
162 1623 245 1692 posuis
256 1625 342 1685 armis,
361 1623 504 1674 venientem
512 1622 544 1673 ad
557 1622 691 1685 eonsuiem,
709 1625 784 1674 miles
792 1625 872 1676 obvi·

103 1718 134 1754 ur
145 1704 290 1756 obtruncat.
318 1703 369 1754 Alii
380 1699 442 1754 alios
461 1701 543 1769 passim
564 1701 614 1751 sine
625 1699 775 1752 discrimine
784 1719 871 1755 arma·

105 1795 154 1846 ros,
170 1784 281 1849 inenner,
299 1782 404 1847 cadunt,
423 1781 639 1846 Karthaginienses
657 1783 872 1852 Tarentinosque

103 1863 207 1930 pariter.
242 1862 333 1914 Bruttii
345 1875 444 1930 quoque
455 1860 527 1909 multi
538 1857 669 1923 interseffl,
683 1859 725 1909 scu
739 1876 785 1928 per
798 1877 872 1914 erro-

104 1957 168 2006 rem,
186 1941 229 1993 seu
240 1953 325 1994 verere
336 1943 362 1992 in
379 1955 421 1992 eoa
433 1938 511 1990 ‘instro
528 1937 597 2002 odio,
614 1937 656 1988 seu
667 1939 699 1990 ad
711 1941 873 2007 proditionis

104 2018 200 2071 samam
216 2021 255 2083 (ut
268 2021 301 2078 ‚vi
319 2019 403 2088 potius
419 2027 494 2084 arque
510 2016 585 2066 armis
603 2027 705 2086 caprum
718 2021 870 2071 Tarentum

104 2096 245 2162 videretur)
261 2091 483 2162 exstinguendam(
500 2095 571 2142 Turn
582 2092 614 2142 ab
626 2092 692 2142 cade
701 2092 732 2142 ad
741 2093 871 2164 diripien-

104 2175 164 2226 dam
178 2177 266 2226 urbem
278 2175 424 2226 discursum.
451 2171 527 2223 millia
539 2170 640 2236 triginta
652 2168 781 2220 servilium
793 2175 870 2241 capi.

104 2261 159 2303 rum
176 2252 294 2304 dicuntur
310 2254 394 2320 captie
411 2251 508 2317 argenti
525 2249 565 2300 vis
582 2249 668 2314 ingens
684 2246 741 2298 sarii
760 2247 871 2312 fignati·

105 2347 172 2400 que:
190 2333 244 2382 auri
256 2331 384 2398 attegiam
401 2331 449 2380 tria
465 2329 543 2380 millia
560 2327 658 2396 pondo:
675 2321 740 2390 signa
752 2326 869 2380 tabula·

103 2423 163 2474 que,
185 2412 264 2476 prope
283 2419 312 2457 ut
332 2405 508 2473 Syracusarum
526 2413 670 2458 ornamenta
689 2407 866 2469 aequaverint.

104 2483 151 2535 Sed
162 2485 257 2548 majore
274 2486 360 2534 auimo
378 2485 475 2548 generis
492 2485 545 2550 ejus
562 2484 643 2554 praedi
654 2481 772 2534 abstinuit
782 2483 868 2535 Fabi·
939 2489 940 2494 ’

103 2577 143 2624 us,
159 2568 235 2628 quom
247 2563 398 2625 Marceliur;
415 2563 458 2629 qui
471 2564 635 2629 interroganti
647 2561 738 2625 scribe,
756 2561 819 2628 quid
832 2561 868 2614 fi-

105 2643 142 2694 eri
160 2641 232 2706 signis
251 2644 335 2708 vellet,
352 2644 470 2708 (ingentis
482 2643 660 2709 magnitudinis
671 2643 715 2693 Dii
729 2640 794 2705 sunt,
817 2640 868 2694 suo

106 2719 210 2790 quisque
222 2721 310 2773 habitu
326 2723 352 2774 in
365 2722 470 2774 modum
489 2723 655 2790 pugnantium
666 2719 779 2786 formati)
797 2721 866 2773 Deos

107 2801 175 2851 iram
187 2799 312 2850 Tarentinis
323 2800 411 2867 relinqui
421 2799 496 2864 juffir.
523 2799 620 2848 'Murus
632 2796 699 2860 inde,
715 2796 759 2862 qui
770 2795 866 2850 urbem

107 2879 209 2930 abarce
220 2877 361 2942 dirimebat,
378 2878 473 2930 dirutus
484 2877 517 2928 est
531 2892 560 2926 ac
571 2875 693 2939 disjesius.
728 2877 797 2923 Dum
807 2875 866 2928 baee
880 2907 888 2917 -

107 2957 216 3004 Tarenti
234 2965 350 3019 aguntur,
367 2954 492 3006 Hannibal
510 2955 548 3015 iis,
565 2954 607 3018 qui
627 2950 775 3002 Cauloniam
794 2950 865 3002 obfi-

103 3030 208 3097 riebant,
224 3033 251 3087 io
267 3031 420 3086 deditionem
437 3032 554 3102 acceptis,
570 3029 655 3085 audita
670 3029 864 3098 oppugnatione

756 3109 863 3162 Taren·
