2140 3640
185 226 233 284 ne
433 182 670 290 ·r.n1u11¹

181 311 229 360 rn'o
240 309 358 358 inclinant
369 309 445 360 ferme
456 311 616 362 scribentium
627 313 712 374 animi,
731 312 835 381 Fabium
847 329 928 379 aequa-

180 385 231 434 lem
243 388 396 451 temporibus
407 387 508 452 hujusce
522 389 577 436 belli
589 390 738 454 potillimum
746 390 870 439 auslorem
883 393 927 438 ha·

121 529 128 534 .
180 462 235 512 bui.
257 465 389 526 Hannibal,
406 469 564 532 captivorum
576 469 619 531 qui
631 468 715 516 Latini
727 467 833 518 nominis
844 467 927 530 essent,

180 539 230 588 stne
248 543 328 606 pretio
347 541 452 604 dimiffit,
470 544 588 592 Romanis
606 543 632 591 in
644 543 743 592 vincula
758 543 829 606 datis,
847 544 928 606 segre-

179 625 238 680 gata
249 632 282 666 ex
294 618 400 666 hostium
411 629 616 668 coacervatorum
634 621 739 669 cumulis
754 637 858 686 corpora
869 619 928 668 suo·

121 685 125 700 ⁸
179 709 236 744 rum
253 707 330 759 quum
347 694 442 761 sepeliri
460 696 566 759 jussisset,
585 698 700 746 flaminii
714 713 812 762 quoque
830 713 928 763 corpus,

178 772 273 822 sunerie
291 775 362 821 caus'a
374 788 463 836 magna
475 789 532 822 cum
550 789 608 822 cura
620 774 769 838 inquifitunt‚
787 791 837 823 non
851 775 927 822 inve·

178 850 226 898 nit.
256 851 351 911 Rome,
368 849 399 897 ad
411 851 517 915 primum
530 850 649 898 nuncium
661 850 735 898 cladis
747 849 806 912 ejus,
820 853 875 899 cuin
887 850 926 897 in·

177 927 249 990 genti
265 938 358 976 terrore
375 943 403 975 ac
422 927 530 976 tumultu
549 925 681 976 concursus
700 927 726 976 in
743 923 927 993 forumpopuli

178 1005 213 1052 eli
224 1003 310 1052 sanus.
348 1008 470 1053 Matronae
486 1020 556 1067 vagae
574 1019 618 1070 per
636 1006 697 1064 vias,
715 1004 926 1070 quaerepenncla-

160 1079 222 1132 ,des
234 1080 314 1140 allata,
331 1095 417 1144 quaeve
429 1079 529 1128 sor'tona
545 1081 668 1128 exercitus
686 1078 751 1139 esset,
768 1080 859 1129 obvios
871 1095 926 1145 per·

178 1155 333 1204 nuntiantur.
352 1155 377 1203 a:
390 1169 465 1220 quum
476 1155 611 1220 frequentis
626 1157 754 1206 concionis
765 1155 842 1205 modo
854 1154 928 1204 turba

179 1233 208 1282 in
219 1233 347 1282 comitium
360 1232 384 1278 a
395 1232 489 1284 cutiam
501 1231 570 1280 versa
582 1232 733 1294 magistratus
744 1244 860 1292 vocarem
872 1245 927 1284 tan·

141 1313 144 1320 ⁴
177 1308 237 1358 dem
254 1308 319 1358 haud
335 1308 414 1356 multo
431 1319 488 1356 ante
508 1307 564 1358 solis
583 1308 697 1356 occasum
714 1311 752 1356 M.
774 1311 926 1374 Pomponius

178 1396 278 1454 praetor,
302 1387 386 1451 Pugna,
404 1387 493 1451 inquit,
511 1385 588 1452 magni
608 1384 662 1434 villi
676 1387 769 1450 siamus:
795 1384 829 1447 ἃ,
846 1401 926 1450 quan·

118 1513 124 1522 ,
177 1479 253 1529 quam
265 1463 326 1510 nihil
340 1464 429 1511 certius
440 1479 473 1512 ex
491 1479 521 1512 eo
533 1461 644 1512 auditum
656 1461 697 1524 ell,
714 1473 796 1512 tamen
814 1463 876 1512 alius
893 1463 926 1513 ab

176 1541 229 1590 alio
247 1541 343 1608 impleti
361 1543 501 1607 rumoribus
519 1542 609 1611 domoc
624 1541 740 1601 referunt,
758 1542 860 1606 consulem
877 1559 926 1592 cum

175 1635 258 1684 magna
273 1627 338 1684 porte
354 1619 463 1684 copiarum
480 1619 568 1684 castior:
586 1616 692 1684 superesse
707 1623 793 1683 paucos,
815 1627 853 1667 aut
867 1619 927 1685 sugd

98 1741 102 1758 ,
174 1697 254 1764 pafflm
263 1708 304 1762 per
316 1697 433 1746 Etruriam
439 1699 534 1762 sparsos,
550 1706 588 1746 out
599 1706 672 1762 captor
682 1695 707 1744 ab
719 1696 782 1758 hoste.
802 1699 873 1759 Quot
884 1712 925 1746 ca·

84 1823 88 1832 ,
177 1772 218 1826 sus
229 1774 351 1827 exercitus
369 1773 428 1823 victi
443 1773 550 1834 fuerant,
568 1784 608 1823 tot
618 1773 645 1822 in
663 1787 732 1822 curae
749 1772 870 1838 dispertiti
881 1786 926 1821 eo·

175 1866 235 1906 tum
245 1853 321 1902 animi
335 1863 413 1914 erant,
431 1857 539 1917 quorum
553 1850 687 1920 propinqui
703 1849 748 1898 sub
761 1853 790 1898 C.
803 1850 926 1910 Flaminio

177 1930 279 1982 consule
296 1941 444 1989 meruerant,
465 1930 642 1992 ignorantium,
662 1943 715 1992 quae
733 1925 850 1990 cujusque
868 1926 926 1976 suo·

175 2023 234 2066 rum
251 2010 352 2059 fortuna
367 2007 434 2058 esset.
460 2023 505 2058 nec
524 2008 654 2073 quisquam
670 2003 726 2056 satis
738 2016 831 2054 cernrm
842 2005 926 2069 habet,

177 2088 240 2154 quid
252 2098 295 2136 aut
306 2086 392 2152 speret,
410 2095 452 2134 aut
464 2086 559 2134 timeat.
595 2085 702 2144 Postero,
716 2099 745 2132 ac
756 2083 870 2149 deinceps
882 2083 928 2134 ali·

176 2175 242 2230 quot
260 2163 353 2224 diebus,
371 2162 402 2210 ad
414 2171 498 2227 portas
508 2162 590 2224 maJor
601 2164 678 2226 prope
694 2162 833 2222 mulierum,
851 2152 927 2225 quain

174 2241 300 2300 virorum,
317 2237 458 2288 multitudo·
472 2237 545 2299 stetit,
568 2245 612 2286 aut
630 2235 732 2288 suorum
752 2238 864 2301 aliquem,
881 2247 926 2288 aut

176 2313 283 2366 nuncios
298 2313 328 2362 de
343 2311 537 2376 hinoppericns:
556 2311 862 2376 circumfundebanturque
879 2312 927 2368 ob2

178 2392 230 2442 viis
241 2389 388 2440 sciscitantes
402 2408 408 2449 ς
426 2403 506 2452 neque
517 2389 601 2450 avelli,
619 2388 704 2452 utiquc
715 2391 748 2438 ab
759 2390 831 2449 notis,
848 2389 926 2454 priris,

175 2473 253 2536 quam
264 2465 446 2517 ordineomnia
455 2465 616 2529 inquisissent,
628 2475 751 2529 poteraut.
788 2463 926 2518 lndessvart-

106 2583 110 2592 ‚
178 2563 212 2600 os
222 2544 303 2594 voltus
315 2542 505 2607 digredientium
516 2541 548 2588 ab
558 2543 656 2610 nunciis
665 2557 781 2604 cerneres,
800 2554 827 2592 ut
836 2545 927 2608 cuique

178 2631 224 2674 not
240 2621 294 2668 laeta
311 2630 354 2668 aut
372 2619 446 2670 tristia
463 2619 656 2668 nunciabantur:
675 2618 872 2684 gratulantesque
883 2631 927 2672 aut

178 2695 503 2748 consolantcs‘redeunribus
512 2694 599 2746 domos
610 2692 779 2754 circumfusos.
814 2697 928 2746 Femina·

180 2789 238 2826 rum
251 2773 374 2838 principue¹
388 2773 412 2820 ἃ
430 2770 520 2835 gaudia
530 2771 632 2833 insignia
642 2783 717 2832 erant,
736 2773 761 2821 ἃ
773 2769 858 2824 iustus.
893 2775 929 2822 U.

180 2850 281 2904 namin
304 2848 353 2915 ipsa
370 2861 450 2917 porta,
469 2851 553 2915 sospiti
575 2851 627 2900 filio
646 2853 745 2915 repente
765 2850 883 2910 oblatam,
900 2850 928 2900 in

181 2927 312 2996 conspeilo
326 2930 377 2994 ejus
388 2928 517 2996 exspirill'e
528 2931 626 2988 seruum
644 2929 754 2990 alteram,
773 2930 813 2978 cui
822 2943 889 2978 mors
900 2927 930 2978 fi-

182 3004 212 3062 m
222 3003 283 3083 ialsf)
293 3007 408 3070 nunciata
417 3018 478 3076 erat,
488 3007 597 3062 moestam
608 3005 732 3060 sedentem
743 3003 820 3080 domi,
832 3005 863 3056 ad
875 3006 926 3072 pri·

536 3111 541 3119 ·
853 3095 926 3136 millu
