2126 3642
358 191 663 248 niente-xxiv.
828 187 884 259 '355

129 285 217 342 cordia
228 300 259 340 ae
270 285 423 352 negligentia
439 285 506 354 apud
516 285 597 336 hasien
607 284 682 347 essen
698 283 794 338 silentio
805 288 885 338 nollit

128 367 164 420 ab
174 368 238 418 urbe
249 365 300 416 line
312 365 364 416 ullo
376 367 485 416 tumultu
502 363 615 430 egressus,
632 365 707 416 casira
720 365 828 416 hosium
839 365 883 416 ad-

129 459 165 496 eo
182 445 293 510 neglesla
310 455 385 510 atque
401 455 488 511 aperta
504 443 617 506 intravit,
634 455 663 494 ut
679 442 737 494 satia
753 444 884 508 constaret,

131 524 203 590 prius
214 523 280 574 tuille
297 524 428 574 hominum
440 521 534 571 vallum
545 519 651 586 intrssse,
666 527 742 589 quarn
752 521 885 588 quisquam

132 600 250 651 sentiret:
267 615 305 664 ac,
321 599 417 650 srcaede
428 598 603 663 abstinuissent,
617 599 747 666 pertenire
759 599 791 650 ad
802 601 885 651 taber-
940 635 942 640 -

131 677 252 728 naculum
262 679 358 743 regium
370 675 484 744 potuisse.
521 675 606 728 Cedet
618 678 793 750 proximorum
805 673 900 745 portar'

133 755 259 806 excitavit
275 755 364 806 hoslea.
381 754 439 804 inde
457 763 539 804 tantus
557 764 637 804 terror
655 769 782 821 pavorque
797 767 885 808 oannes

131 833 280 901 occupavit,
291 845 320 884 ut
332 849 384 884 non
394 832 470 884 modo
481 833 543 884 aliua
554 832 684 898 quisquam
695 847 765 882 arma
775 843 885 902 caperet,

131 922 178 962 aut
195 911 278 962 casinis
295 912 384 980 pellere
404 911 497 962 hostem
514 921 663 970 conaretur;
679 909 720 959 sed
738 911 812 962 etiam
831 909 885 978 ipse

132 1005 192 1054 rex,
209 990 271 1040 sicut
281 991 367 1042 somno
381 991 479 1042 excitus
497 999 558 1054 erat,
577 992 655 1056 prope
667 987 806 1038 seminudus
817 989 885 1054 sugi-

134 1083 189 1129 «τις,
205 1067 280 1117 militi
295 1083 402 1135 quoque,
419 1068 513 1120 nedum
531 1069 594 1132 regi,
612 1067 660 1117 vix
677 1065 770 1118 decoro
787 1067 885 1132 habitu,

135 1143 169 1196 ad
180 1146 273 1196 sumen
282 1145 404 1212 navesque
412 1145 558 1215 perfugerit.
577 1143 663 1195 eodem
674 1143 700 1194 st
708 1144 755 1194 alia
766 1143 839 1195 turba
848 1145 886 1198 es·

133 1223 191 1278 susa
202 1223 244 1274 esl.
262 1225 340 1274 Paulo
350 1226 430 1276 minus
441 1226 488 1276 tria
500 1225 579 1276 millia
589 1223 696 1274 militum
707 1223 733 1275 in
749 1223 831 1274 eastris
841 1233 886 1276 aut

133 1311 216 1369 capta,
232 1312 277 1352 aut
291 1303 381 1354 occisa:
400 1304 454 1370 plue
466 1313 549 1352 tamen
561 1301 692 1352 hominum
703 1298 831 1368 aliquanto
843 1315 886 1354 ca·

132 1392 214 1448 ptum,
232 1387 306 1448 quim
317 1382 414 1443 cresum,
430 1383 474 1432 est.
510 1380 599 1432 castris
609 1380 720 1448 direptis,
738 1381 885 1448 Apollonia·

126 1468 166 1514 τε
183 1461 326 1526 catapultas,
342 1459 457 1517 ballistae,
473 1469 646 1524 tormentaque
663 1459 719 1523 alia,
736 1473 790 1525 quae
802 1473 884 1527 oppu-

135 1536 241 1602 gnanda
256 1537 313 1588 urbi
331 1543 475 1606 comparata
492 1548 570 1600 erant,
590 1537 621 1587 ad
638 1536 730 1588 tuenda
748 1540 848 1602 munia,
865 1537 885 1590 fi

134 1613 237 1684 quando
253 1614 337 1666 similis
352 1616 453 1668 sortuna
467 1614 584 1679 venisset,
603 1616 763 1684 Apolloniam
774 1613 885 1666 devexo·

133 1707 178 1745 re:
196 1703 278 1745 cetera
295 1695 375 1745 omnin
392 1695 473 1762 praeda
489 1696 625 1746 castrorum
640 1695 760 1745 Romania
772 1691 886 1744 concessa

132 1771 177 1822 ess.
212 1774 362 1838 Hzequum
375 1771 562 1823 Oricumessent
575 1771 699 1836 nunciata,
717 1773 756 1821 M.
771 1771 885 1822 Valerittt
963 1779 965 1784 '

128 1848 231 1902 dasem
236 1851 367 1919 extemplo
376 1850 407 1901 ad
419 1851 508 1902 ollium
518 1851 627 1902 fluminio
636 1850 718 1911 duxit,
734 1865 766 1900 ne
778 1849 887 1902 navibus

131 1925 255 1994 capessere
266 1925 356 1992 sugant
369 1925 512 1996 rex-posset.
548 1930 636 1994 Itaque
651 1926 788 1994 Philippus,
804 1937 886 1992 neque

129 2005 249 2070 ‘terrestri
266 2019 348 2072 neque
362 2007 447 2057 navali
463 2008 597 2058 certamine
616 2005 673 2056 satit
690 2003 746 2057 sore
762 2021 847 2074 parem
859 2004 886 2058 se

134 2081 221 2148 fidens,
239 2081 362 2135 subdullia
378 2096 423 2135 aut
438 2085 541 2138 incensu
555 2084 671 2148 navibus,
688 2085 753 2134 tetra
763 2083 885 2136 Macedo·

133 2161 203 2212 niem
220 2161 301 2229 petiit,
317 2177 410 2226 magna
427 2177 460 2214 ex
477 2174 548 2231 parte
565 2163 654 2214 inermi
668 2162 781 2214 exercitu
792 2159 883 2229 spolia·

132 2247 220 2304 toque.
235 2239 237 2242 ’
253 2240 369 2290 burana
386 2239 462 2292 clasis
479 2255 537 2292 eum
553 2245 593 2292 M.
606 2241 707 2294 Valerio
719 2240 789 2292 Orici
800 2239 884 2294 hibet·

133 2319 216 2368 navit.
261 2339 263 2342 ·

167 2397 239 2445 XLI.
251 2395 347 2448 &dnn
355 2411 422 2450 anno
431 2397 457 2449 in
466 2397 585 2466 Hispania
595 2400 664 2450 varii
672 2413 710 2450 res
721 2397 801 2464 gella.
815 2411 884 2463 nam,

128 2472 278 2539 ‚priusquam
290 2477 396 2525 Romani
412 2491 512 2528 amnem
526 2477 628 2529 Ibemm
640 2477 776 2542 transirent,
794 2479 881 2543 ingen·-

133 2561 173 2600 tes
184 2550 269 2615 copias
285 2551 451 2620 Hispanorum
470 2558 549 2620 Mago
567 2555 592 2606 se
603 2555 741 2606 Hasdrubal
753 2552 882 2607 fuderunt.

127 2625 309 2693 defecissetque
320 2631 351 2680 ab
363 2635 481 2684 Romanis
489 2634 593 2684 ulterior
601 2633 728 2702 Hispania,
741 2635 768 2684 ni
776 2637 804 2685 P.
819 2639 881 2686 Cor,

132 2706 222 2770 aelius,
238 2709 330 2774 raptim
343 2710 454 2763 traduHo
475 2713 587 2762 exercitu
599 2713 709 2776 Iberum,
726 2713 807 2764 dubiis
817 2713 882 2764 soei·-

131 2797 206 2834 orutn
216 2786 306 2836 animis
315 2787 341 2837 in
353 2799 465 2856 tempore
474 2788 619 2840 advenisset.
644 2791 728 2840 Primo
735 2790 765 2840 ad
778 2793 884 2842 castrum

112 2860 219 2910 *Altum
237 2863 317 2927 (locus
328 2865 362 2914 eli
379 2865 479 2932 insignit
492 2865 557 2916 caede
572 2867 656 2931 magni
668 2868 824 2934 Hamilcaris)
839 2883 880 2918 ca·
948 2917 951 2920 .

130 2935 178 2986 sira
190 2939 297 2990 Romani
310 2941 428 2991 habuere.
463 2946 518 2992 Arx
530 2952 583 2992 erat
594 2943 698 3006 munita,
716 2945 742 2994 ἃ
752 2958 882 2994 convene*

128 3023 187 3066 rant
201 3018 258 3067 ante
269 3015 434 3072 sarmentum.
451 3029 544 3084 tamen,
560 3020 618 3088 quia
632 3020 718 3080 omnia
729 3021 794 3072 eirca
804 3020 882 3070 noun·

835 3104 881 3145 unt
