2076 3612
361 263 611 316 ererum,
826 275 861 334 ,5

98 350 128 401 rid
138 365 208 400 meru
220 350 336 412 violatum,
346 354 388 416 sed
402 369 430 401 ne
443 354 510 402 verbo
520 353 603 419 quidem
619 351 774 406 inclementiori
790 359 805 406 d
823 373 859 408 ene

98 431 240 496 appellatum
258 431 359 480 vellem:
370 433 411 498 sed
429 432 456 482 dr
468 432 515 493 hec,
532 449 574 500 que
587 419 657 482 adhuc
672 419 714 502 egi,
728 438 857 502 pervicacia

100 515 140 555 tera
152 509 180 556 tr
185 505 292 572 fieperdr'a
302 509 372 574 cn'e'git
380 525 414 557 me
424 508 479 575 loqui
489 527 496 570 ;
513 510 548 570 dr,
565 509 604 574 rifi
619 511 715 562 AEmt'lt'ae
724 512 766 579 legi
774 525 856 580 parre·

101 585 143 647 ris,
162 585 184 633 in
192 585 281 633 nimia
289 585 435 654 ducijubebnl:
452 601 498 647 nee,
515 603 577 652 qrnrn
586 589 617 635 ita
628 599 774 654 comparatum
785 593 800 640 a*
810 607 855 640 ma·

97 661 184 726 jrribus
194 662 236 727 fit,
253 671 287 726 ut,
298 664 392 712 comitiis
406 665 504 730 censoriis
520 663 605 729 nifidur
618 667 748 728 confecerint
758 667 856 734 legitima

98 741 216 807 suffragia,
233 758 276 790 noe
292 744 413 792 renunciata
428 743 496 791 altero
513 743 599 792 comitia
617 743 764 809 differantur,
776 755 854 814 egere,

102 819 201 886 quiselrt
209 822 282 886 ceersor
292 822 366 869 creari
374 837 413 869 ron
419 822 491 888 pofflt,
503 821 572 886 solum
583 821 692 886 cenfieram
705 837 784 889 gerere
791 819 857 891 tenti-¹

103 911 141 944 err.
176 899 236 945 Haec
248 898 357 963 taliaque
371 913 445 962 quum
456 895 563 958 dixisset,
581 898 667 964 prendi
679 901 813 966 censorem,
828 901 855 956 ἃ

104 972 132 1021 in
144 973 247 1023 vincula
257 974 314 1024 duci
324 975 399 1037 juffit.
435 974 639 1041 Approbantlbus
651 973 694 1026 sex
706 979 810 1028 tribunis
826 993 855 1028 a·

102 1049 218 1100 trionem
236 1053 341 1117 collega,
359 1063 406 1104 tres
425 1053 561 1120 appellanti
581 1053 666 1117 Appio
682 1056 779 1105 auxilio
799 1055 854 1105 iue-

104 1138 182 1190 runt;
199 1127 337 1196 summaque
347 1131 444 1182 invidia
460 1131 576 1181 omnium
594 1126 710 1180 ordinum
722 1132 786 1183 solue
797 1149 855 1184 cen·

105 1206 189 1257 suram
200 1207 279 1272 gellis.

138 1289 255 1336 XXXV.
273 1289 341 1338 Dum
353 1303 383 1337 ea
394 1290 483 1338 Romae
497 1297 622 1352 geruntur,
637 1285 690 1350 jam
702 1287 809 1354 sutrium
821 1289 854 1342 ab

104 1364 213 1414 Etruscis
230 1366 402 1417 obfidebatur:
419 1363 562 1431 consulique
580 1365 667 1430 Fabio,
685 1366 740 1416 imis
759 1369 852 1419 monti-

103 1441 148 1494 bus
159 1442 263 1495 ducenti
271 1445 302 1496 ad
314 1447 439 1496 ferendam
448 1461 523 1513 opem
535 1443 606 1495 sociis
617 1445 791 1517 tentandasque
800 1462 853 1499 rnu-

103 1523 219 1587 nitiones,
237 1524 255 1573 fi
273 1525 323 1592 qul
341 1525 427 1592 posset,
445 1525 510 1574 aries
521 1523 626 1574 hostium
640 1523 752 1574 inllrutta
764 1541 853 1577 occur·

103 1603 152 1661 rit;
168 1617 278 1666 quorum
296 1603 422 1667 ingentem
434 1601 617 1653 multitudinem
628 1617 704 1667 quum
716 1601 853 1654 ostenderet

103 1677 211 1742 subjetia
223 1681 272 1731 lati
286 1682 418 1749 planicies5
436 1681 528 1746 consul,
546 1693 573 1730 ut
584 1681 641 1731 loco
653 1683 802 1749 paucitatem
811 1683 851 1734 su·

101 1773 175 1808 orum
187 1758 328 1825 adjuvaret,
345 1759 419 1812 fleuit
431 1761 558 1829 paululum
570 1761 596 1810 in
608 1761 686 1810 clivos
698 1775 795 1825 agmen,
813 1762 851 1822 (a-

103 1837 183 1904 spreta
194 1851 266 1890 erant
277 1841 350 1892 strata
361 1841 434 1905 saxis)
446 1841 501 1891 inde
513 1839 579 1904 signa
591 1839 615 1886 in
628 1839 719 1887 hostem
729 1839 851 1913 obvertit.

103 1918 208 1980 Etrusci,
224 1921 348 1984 omnium,
366 1933 530 1990 praeterquam
547 1915 712 1966 multitudinis
731 1915 786 1979 suae,
803 1917 852 1982 qut

102 1995 151 2046 soli
161 1997 220 2048 freti
232 2011 312 2064 erant,
330 2001 492 2063 immemores,
510 1995 717 2064 proeliutn'ineunt
733 1993 795 2043 adeo
813 2011 852 2043 ra-

104 2076 163 2141 ptim
177 2077 202 2126 t:
214 2078 297 2142 avidd,
315 2089 351 2141 ut,
368 2077 468 2142 abjeliis
479 2073 614 2136 missilibus,
626 2087 678 2138 quo
689 2070 791 2120 celerius
797 2071 853 2120 ina-

103 2168 146 2203 nus
157 2155 324 2222 consererent,
342 2157 485 2221 stringerent
504 2152 607 2220 gladios,
625 2151 744 2202 vadentes
761 2151 786 2200 in
804 2150 852 2200 ho·
926 2149 930 2158 “

104 2229 170 2282 tem.
204 2237 337 2285 Romanus
348 2239 435 2284 contra
447 2249 514 2284 nunc
526 2233 582 2297 tela,
599 2247 665 2282 nunc
676 2230 744 2295 saxa,
761 2207 852 2297 qdibue

103 2322 144 2359 eos
155 2309 251 2360 affatim
262 2311 333 2362 locus
351 2310 403 2379 ipse
415 2309 533 2374 armabat,
552 2309 670 2374 ingerere.
705 2309 785 2372 Igitur
795 2307 850 2356 scu-

103 2396 128 2437 ta
143 2390 267 2456 galeaeque
286 2390 347 2454 iila,
365 2405 443 2456 quum
455 2389 537 2451 etiam,
555 2401 617 2454 quos
637 2401 687 2436 non
699 2385 848 2434 vulnerave-

103 2479 164 2532 rant,
181 2470 320 2533 turbarent,
337 2470 428 2535 (neque
446 2465 527 2516 subire
543 2477 595 2515 erat
611 2463 683 2515 facile
702 2463 732 2514 ad
745 2464 848 2531 propio-

103 2559 155 2594 rem
165 2561 283 2613 pugnam,
300 2562 383 2612 neque
400 2545 494 2596 missilia
505 2545 636 2609 habebant,
654 2544 742 2609 quibus
753 2542 849 2592 eminus

103 2635 154 2670 rem
165 2629 287 2691 gererent)
305 2623 393 2674 ssantes
405 2623 430 2674 δε
448 2621 571 2692 expositos
588 2621 619 2673 ad
636 2619 695 2670 iiius
709 2635 784 2686 quum
794 2618 848 2683 jam

101 2695 156 2748 satis
174 2701 236 2750 nibil
254 2711 358 2767 tegeret,
374 2699 492 2766 quosdam
510 2700 586 2749 etiam
604 2696 691 2766 pedem
708 2696 847 2763 referentes,

102 2774 310 2846 intrantemque
328 2779 355 2828 ἃ
370 2777 505 2828 instabilem
516 2779 603 2842 aciem,
619 2775 785 2840 redintegrato
796 2775 847 2825 cla-

101 2865 178 2919 more,
195 2855 282 2907 mitris
305 2855 392 2922 gladiis
416 2857 500 2908 hastati
523 2857 549 2908 δε
570 2851 692 2924 principes
714 2855 848 2906 invadunt.

103 2945 160 2980 tum
171 2933 293 3001 impetum
310 2949 363 2985 non
383 2922 490 2986 tulerunt
501 2932 605 2998 Etrusci,
630 2931 752 2999 vestisque
765 2932 847 2998 signis,

102 3009 163 3073 fugi
175 3011 248 3064 efflui
259 3007 336 3064 castra
347 3024 468 3080 repetunt.
492 3013 538 3078 Sed
549 3013 642 3080 equites
653 3012 768 3075 Romani,
786 3026 848 3077 prae·

102 3085 169 3141 vetti
179 3102 224 3158 per
239 3091 345 3160 obliqua
355 3091 446 3161 campi,
461 3107 538 3162 quum
549 3093 574 3147 se
583 3089 732 3157 fugientibus
743 3085 848 3216 abnuis·

507 3167 508 3170 ’
796 3171 847 3227 ent,
