2130 3642
393 253 559 309 erent
590 257 626 308 x.
835 225 881 314 ror

125 349 234 415 egimus
246 366 253 398 t
271 347 296 397 de
309 363 339 397 ne
354 357 393 398 tot
404 363 526 398 annorum
535 348 613 398 clades
621 344 749 415 utriuique
758 349 836 413 gentis
847 352 885 400 la·

131 425 260 491 boresque
274 425 342 476 aiios
358 441 424 475 nune
441 426 551 484 reseram,
568 425 656 490 quibus
673 427 828 490 nequiverint
845 437 882 476 ta-

131 515 196 551 men
207 501 268 550 dura
280 503 322 550 illa
339 501 439 568 penora
456 501 541 560 vinei,
558 501 676 566 proximo
688 515 754 549 auno
765 503 883 552 samnitet

135 579 162 626 in
182 578 302 626 Sentinati
319 594 389 640 agro,
406 576 520 639 Pelignis,
537 575 568 624 ad
588 575 727 639 Tifernum,
746 579 883 628 Stellatibus

72 659 76 666 '
134 655 239 720 campie,
256 655 305 704 suis
322 653 367 721 ipii
384 653 529 717 legionibus,
546 653 620 702 mixti
629 653 721 714 alienis,
737 655 769 704 ab
777 665 884 717 quotuor

135 731 297 793 exercitibus,
321 742 430 798 quatuor
445 730 547 780 ducibus
566 731 684 778 Romanis
707 731 759 780 eaefi
776 732 882 794 fueraut,

134 808 313 873 imperatorem
323 808 478 858 elarillimum
491 808 572 870 'gentis
585 807 631 855 suae
640 807 784 868 amiserant;
803 807 883 859 socios

133 882 206 946 belli,
222 884 347 946 Etruscos,
359 884 477 946 Umbros,
488 882 582 943 Gallos,
599 885 625 930 in
637 881 722 931 eadem
733 883 832 932 fortuna
841 885 882 932 vi-

134 959 239 1020 debant,
256 962 305 1026 qui
318 961 360 1028 iplr
374 972 461 1009 erant:
479 974 524 1008 nec
539 959 596 1019 suis,
614 973 659 1007 nee
670 961 778 1009 externis
786 963 882 1010 viribus

132 1035 192 1098 jam
201 1038 260 1084 liare
269 1047 393 1102 poterant;
410 1047 492 1084 tamen
504 1035 570 1083 bello
581 1049 633 1084 non
642 1034 802 1086 abstinebant.
819 1037 883 1090 adeo

137 1125 175 1158 ne
184 1109 313 1159 infeliciter
320 1110 415 1176 quidem
424 1103 529 1159 deienlae
538 1110 656 1158 libertatis
665 1109 783 1159 tedebat:
795 1111 821 1159 ἀ
830 1113 886 1161 vin-

135 1185 174 1246 ei,
192 1191 266 1250 quiam
277 1201 327 1234 non
338 1184 436 1234 'tentare
449 1186 589 1246 vilioriam,
605 1184 737 1233 malebant.
774 1188 884 1250 Quinam

134 1261 225 1324 iitille,
243 1275 316 1325 quem
332 1273 382 1309 non
399 1261 484 1327 pigeat
493 1259 679 1324 longinquitatis
689 1259 810 1310 beliorum
823 1261 883 1313 scti-

135 1336 219 1386 bendo
227 1337 390 1402 legendoque,
407 1353 461 1400 quae
470 1346 581 1401 gerentes
588 1351 640 1386 non
649 1335 833 1400 fatigaverunt?

170 1415 286 1462 XXXII.
305 1417 340 1477 Q.
360 1411 476 1476 Fabium,
501 1403 529 1462 P'.
553 1411 666 1474 Decium,
692 1413 724 1460 L.
744 1413 882 1464 Postumiiue

134 1489 258 1552 Megellus
275 1489 301 1537 ἀ
317 1490 357 1537 Μ.
376 1488 467 1536 Atilius
480 1487 588 1552 Regulus
598 1486 707 1538 consulet
723 1487 799 1538 secuti
814 1489 881 1542 sunt.

129 1565 264 1614 Samnium
279 1563 401 1613 ambobus
417 1563 514 1614 deenen
531 1564 662 1630 provincia
681 1563 732 1624 οὓς
756 1568 815 1630 quie
832 1577 881 1618 tre·

135 1639 241 1706 scriptos
256 1641 360 1691 bostium
377 1639 509 1700 exereitus,
526 1655 579 1690 uno
593 1640 727 1703 Etruriam,
744 1643 822 1692 altero
833 1657 881 1708 po·

136 1718 277 1784 perlationes
289 1719 431 1784 Campania
440 1719 527 1784 repen,
539 1717 639 1766 tertitnn
650 1718 747 1767 tuendis
758 1719 839 1790 parari
850 1717 881 1768 fi·
908 1775 913 1788 Ι

66 1843 70 1850 ,
137 1795 216 1857 nibus,
234 1794 303 1844 sama
321 1806 382 1844 erat.
406 1795 567 1846 ‘Postumium
579 1795 698 1846 valetudo
714 1795 816 1846 adversa
827 1799 881 1844 Ro-

137 1883 184 1920 mae
193 1873 289 1922 tenuit:
309 1872 536 1938 Atiliueextemplo
553 1869 686 1936 profestue,
701 1873 767 1920 utin
781 1872 882 1920 sunnio

34 1989 39 1995 .
136 1943 215 1998 hostes
231 1949 277 2013 (ita
294 1949 362 1998 euim
378 1949 501 2015 placuerat
517 1947 640 2010 Patribus)
656 1943 766 1996 nondum
779 1945 883 2008 egrelloe

134 2026 297 2090 opprbneret.
325 2025 403 2074 Velut
412 2025 445 2076 ex
456 2021 595 2090 compotita
606 2021 644 2072 ibi
655 2021 761 2072 obvium
775 2023 882 2072 habuere

136 2101 241 2164 hosteim
257 2102 303 2152 ubi
321 2101 346 2152 ἃ
363 2102 461 2166 intrare,
478 2100 570 2150 nedum
586 2097 750 2166 vallare,ips1
768 2097 883 2150 Samniti·

136 2192 180 2228 um
199 2193 288 2243 agrum
309 2179 518 2246 prohiberentur:
543 2177 669 2242 &egredi
684 2175 742 2226 inde
761 2177 788 2224 in
807 2189 882 2242 paca·

112 2307 119 2316 1
139 2263 164 2303 ta
175 2255 347 2320 ioeiommque
364 2255 451 2322 populi
462 2255 570 2305 Romani
581 2254 641 2302 finer
652 2253 784 2304 Samnitem
796 2252 883 2318 probi-

137 2331 229 2381 berent.
264 2335 350 2395 qutun
366 2332 442 2382 castra
458 2331 542 2394 eall*
555 2332 644 2382 collata
654 2328 740 2393 ellent,
756 2329 823 2397 quod
834 2331 882 2382 vix

136 2409 261 2458 Ronanus
280 2407 355 2458 toties
374 2407 456 2459 nidor
474 2407 583 2471 auderet,
610 2405 660 2458 auli
681 2407 802 2456 samnitee
825 2405 882 2468 sunt

136 2483 243 2544 (tautum
253 2483 392 2551 desperatio
402 2483 489 2534 ultima
501 2483 644 2534 temeritatie
658 2481 727 2546 iacit)
742 2482 817 2532 eastra
828 2484 882 2539 Ro»

136 2573 211 2610 mana
227 2573 380 2626 oppugnare.
407 2561 432 2610 de
449 2573 590 2626 quanquam
607 2573 660 2609 non
676 2559 748 2608 venit
761 2557 793 2608 ad
805 2557 882 2617 finem

137 2645 187 2684 tarn
198 2635 279 2686 audax
290 2637 426 2704 inceptum,
443 2646 526 2686 temen
537 2635 603 2686 haud
614 2635 719 2686 omnino
730 2650 824 2687 vanum
841 2635 881 2700 fn-

135 2713 163 2762 it.
197 2712 294 2762 Nebula
305 2723 359 2762 erat
376 2712 408 2763 ad
425 2713 591 2764 multumdiei
606 2711 680 2762 densa
691 2712 763 2775 adeo,
780 2713 882 2764 utlucie

134 2787 205 2837 ulum
213 2790 332 2854 eriperet,
347 2801 399 2838 nou
414 2787 542 2855 prospetlu
557 2786 636 2838 mndb
646 2797 718 2838 extre
729 2788 822 2838 vallum
834 2788 879 2844 ad-

136 2863 284 2928 empto‚=sed
302 2865 444 2932 propinquo
461 2865 536 2914 etiam
553 2863 768 2928 congredientium
779 2865 843 2916 inter
853 2865 881 2920 se

136 2935 273 3002 conspeetu.
306 2944 361 2990 Hac
372 2939 443 2989 velut
454 2939 546 2990 utebrn
556 2939 697 2990 infidiamm
714 2939 772 2990 freti
782 2941 879 2996 samni-

133 3021 181 3082 ter,
198 3014 301 3070 virdun
317 3014 376 3069 satis
392 3017 459 3070 nenti
473 3017 537 3078 luce,
555 3015 739 3084 &eenn'ipsatu
749 3026 879 3084 premente

496 3093 519 3145 E
535 3106 548 3154 3
760 3091 882 3154 ealigine,
