2058 3642
165 213 218 268 πο
412 171 696 261 †.L1v11‘

162 309 232 346 murt
248 287 338 356 delerit
356 295 478 360 Superfint,
495 297 670 363 inquinataque·
686 297 768 364 mcii,
779 288 813 350 'sr
834 299 940 364 hostium

159 371 232 422 ctam
243 374 270 422 (τ
280 371 351 435 rossa
362 373 467 424 virtutis.

194 451 228 502 1..
246 451 316 500 Nero
326 452 355 498 ea
364 449 445 514 nolle,
458 465 515 517 qua
525 449 608 500 secuta
621 448 655 500 ell
664 465 786 517 pugnam,
798 452 936 517 citatiore,

159 531 236 594 quam
251 525 310 577 inde
325 539 437 590 venerat,
454 527 563 592 agmine,
578 525 619 576 elie
635 527 709 578 sexto
720 527 752 578 ad
768 529 867 580 stativa
878 531 934 592 sua,

161 615 238 670 etque
252 605 284 654 ad
299 605 392 656 honen
408 606 533 674 pervenit.
567 605 619 652 lter
628 605 681 668 ejur
692 605 836 670 frequentia
845 607 936 656 mino·

161 697 199 747 te,
216 684 275 750 quin
284 698 357 734 neruo
372 683 527 752 precesserat
537 683 654 747 nuncius,-
667 684 756 734 letitie
769 689 836 736 verb
848 685 933 749 tanti,

162 762 212 814 vix
226 771 256 812 ut
271 774 402 830 euarpetes
413 764 535 813 mentium
546 777 595 828 pre
603 763 698 826 gaudio
709 761 796 826 essent,
812 765 934 814 celebra·

162 849 218 892 tum
235 839 279 890 est.
314 843 381 892 Nam
397 845 485 894 Reme
496 849 583 890 neuter
593 840 675 890 animi
691 840 792 890 habitus
804 841 867 892 satis
877 841 932 890 dici

161 920 350 988 enarreranque
360 920 456 988 potesl5
471 935 519 970 nec
530 934 582 985 quo
597 919 693 968 incerte
700 918 894 986 exspertium
901 935 930 969 e·

161 999 254 1050 ventus
264 1001 354 1051 civitae
368 1000 451 1064 suerit,
468 1013 574 1065 necquo
584 997 696 1048 villoriae
710 997 805 1048 samam
814 1001 928 1066 accepit.

164 1081 303 1147 Nunquam
312 1095 356 1147 per
369 1093 458 1130 omnes
467 1077 527 1141 dies,
544 1091 577 1126 ex
586 1091 638 1141 quo
649 1075 783 1126 Claudium
793 1077 925 1128 consulem

164 1157 305 1226 profestum
321 1157 390 1209 sama
406 1157 498 1221 attulit,
515 1153 547 1208 ab
564 1164 623 1206 orto
637 1153 688 1202 sole
704 1153 737 1204 ad
754 1153 927 1216 occidentem,

162 1245 209 1287 aut
218 1235 317 1288 senator
326 1235 555 1304 quisquamacuriu
564 1232 857 1298 atqueamagillraribus
866 1235 923 1283 abs-

163 1317 239 1380 cellit,
256 1327 300 1366 eut
311 1317 442 1384 populare
459 1314 527 1364 soro.
563 1318 696 1377 Matrona,
714 1315 849 1380 quianilril
861 1315 887 1364 in
900 1313 922 1362 i·

162 1389 348 1459 pstsopis'erat,
365 1393 487 1458 inprecer
501 1390 727 1456 obtestationesque
738 1391 821 1454 versa,
840 1407 924 1459 pero·

161 1469 232 1518 mnia
243 1469 346 1518 delubra
362 1483 432 1530 vagae
447 1468 574 1534 suppliciis
590 1468 706 1534 votisque
718 1469 823 1533 fatigare
841 1473 920 1519 Deos.

159 1555 213 1595 tam
226 1544 337 1594 sollicitz
348 1560 377 1594 ac
392 1543 513 1610 suspensa:
528 1546 629 1594 civitati
640 1545 708 1594 sama
724 1547 819 1595 ineerta
839 1549 922 1612 prime

160 1621 263 1688 accidit,
280 1622 343 1672 duos
354 1621 505 1672 Narnienses
516 1625 610 1687 equites
626 1624 651 1672 in
661 1623 745 1686 castra,
763 1639 818 1688 quae
828 1625 854 1673 in
867 1625 923 1672 lau·

161 1702 234 1754 tibur
245 1701 355 1752 Umbriae
365 1697 480 1767 opposita
494 1711 573 1763 erant,
591 1701 685 1750 venisse
700 1715 733 1749 ex
742 1702 841 1766 proelio,
860 1717 923 1750 nun-

163 1783 257 1833 ciantes
269 1779 343 1830 eaesor
355 1781 442 1830 hostes.
477 1781 510 1829 Et
524 1782 606 1846 prime
621 1782 701 1844 magis
715 1781 825 1842 auribus,
844 1786 920 1845 quern

163 1861 261 1923 animis,
279 1858 305 1908 id
321 1869 451 1925 acceptum
468 1867 529 1916 erat,
547 1869 576 1906 ut
593 1858 672 1921 majus
687 1858 826 1922 lentiusque,
843 1864 920 1923 quarn

95 1955 97 1958 ·
163 1938 233 2008 quod
245 1947 328 1988 mente
343 1951 438 2003 capere,
456 1946 499 1984 aut
514 1935 570 1985 satis
585 1935 684 1985 eredere
696 1934 810 2003 possent:
829 1936 855 1986 ἃ
868 1936 920 2003 ipsa

162 2017 275 2066 celeritas
288 2015 360 2082 fidem
370 2013 530 2083 impediebat,
548 2013 614 2079 quud
625 2013 704 2064 biduo
714 2017 770 2063 ante
779 2031 812 2082 pu
815 2025 919 2079 gnatum

161 2095 304 2146 dicebatur.
339 2096 431 2146 Literae
442 2094 531 2144 deinde
545 2095 578 2142 ab
589 2095 619 2141 L.
631 2095 728 2144 Manlio
739 2093 848 2144 Acidino
859 2094 918 2144 mis-

161 2169 195 2221 sae
213 2183 246 2219 ex
264 2171 345 2220 eallrir
360 2170 497 2220 afferuntur
514 2169 545 2218 de
561 2169 732 2218 Narniensium
745 2165 918 2235 equitumad-

162 2257 252 2298 ventu.
288 2252 331 2300 Eae
342 2250 427 2313 litera,
446 2263 487 2316 per
498 2244 580 2298 sorum
596 2248 626 2297 ad
641 2247 750 2298 tribunal
761 2249 915 2316 praeterisla-

74 2317 77 2321 ¹
159 2335 203 2390 tae,
221 2325 332 2378 senatum
344 2329 413 2381 eurise
425 2329 589 2377 exciverunt:
608 2337 728 2392 tantoque
739 2330 875 2378 certamine
886 2344 915 2377 ae

162 2394 274 2453 tumultu
286 2407 373 2472 populi
388 2407 420 2454 ad
435 2406 500 2455 sores
512 2403 740 2454 curiaeeoncurlurn
750 2405 790 2466 ell,
809 2405 913 2454 utadire

162 2484 269 2531 nuncius
279 2499 332 2554 non
346 2483 441 2554 posset,
467 2485 653 2548 trahereturque
670 2488 683 2531 a
700 2481 914 2548 fercunslantibut

160 2557 416 2630 vociferantibusque,
434 2571 462 2608 ut
473 2562 500 2610 in
517 2563 613 2612 Rostris
626 2562 701 2627 prius,
719 2566 792 2626 quarn
810 2562 837 2609 iu
850 2560 913 2610 sena·

162 2647 200 2704 tu,
216 2638 293 2690 litera
307 2640 478 2690 recitarentur.
497 2642 597 2690 tandem
607 2641 723 2690 summoti
742 2641 909 2689 &toercitia

163 2719 362 2785 magistratibus:
384 2719 564 2788 dispensarique
581 2719 665 2768 laetitia
682 2721 746 2768 inter
765 2720 910 2785 impotentes

164 2797 218 2862 ejus
230 2799 327 2848 arrienos
339 2800 429 2864 potuit.
448 2800 477 2846 ln
489 2797 574 2847 senatu
586 2798 704 2864 primum,
721 2793 809 2844 deinde
818 2793 845 2845 in'
857 2799 910 2845 con-

119 2909 121 2913 ·
164 2877 246 2938 cique,
263 2869 339 2926 litere
355 2878 464 2926 recitatae
481 2873 554 2924 sunt:
571 2875 607 2935 ἃ,
618 2889 664 2942 pro
676 2873 794 2939 cujusque
803 2875 908 2938 ingenio,

161 2952 283 3015 aliie-jam
298 2963 393 3001 certum
408 2951 534 3019 gaudium,
552 2951 606 3000 aliis
618 2951 683 3008 nulla
694 2951 843 3001 antefutura
853 2951 907 3000 fides

161 3037 223 3094 erat⁴
241 3034 315 3094 quam
325 3029 419 3094 legatos
428 3028 590 3082 consulumve
598 3028 681 3079 literas
692 3027 821 3078 audlllent.

776 3108 823 3158 LI.
844 3105 907 3174 ipsos
