2058 3642
324 223 492 278 erosa
524 225 639 279 xsvrr.
799 233 848 289 ει,

95 303 213 385 legiones
224 313 363 368 succederet
376 319 405 367 C.
422 315 572 383 Calpurnio:
606 323 769 383 prorogatum
783 311 851 362 ἀι.
886 355 893 361 e

101 396 213 444 Veturio
231 395 329 446 Philoni
346 392 387 454 est,
403 403 433 442 ut
450 407 496 460 pro
512 403 616 458 praetore
628 393 736 442 Galliam
746 387 852 440 eandem

101 472 263 536 provinciam
279 486 335 522 cum
353 471 439 522 lisdem
454 467 548 520 duabus
565 469 705 534 legionibus
720 469 858 527 obtineret,

101 548 195 612 quibus
207 559 297 616 praetor
309 547 459 600 obtinuisset.
496 547 571 612 Quod
585 548 609 597 in
618 549 649 596 L.
662 547 777 612 Veturio,
789 544 857 608 idern

28 617 33 624 ”
102 625 131 677 in
143 628 173 674 C.
184 627 357 678 Aurunculeio
376 627 508 678 decrertmr.
523 625 554 674 ab
572 623 666 689 senatu,
682 625 809 690 latumque
825 622 858 672 de

102 704 265 770 prorogando
277 705 382 772 imperio
393 703 424 754 ad
441 702 562 771 populum
574 701 615 766 ell,
632 703 674 769 qui
687 713 779 770 praetor
794 705 857 750 Sar-

102 779 199 830 diniam
209 783 365 848 provinciam
376 798 433 832 erun
441 781 537 834 duabus
548 781 689 845 legionibus
702 781 855 832 obtinuerat.

101 856 195 908 addita
206 861 228 908 ei
244 860 274 910 ad
287 860 421 928 praelidiurn
434 859 571 927 provinciae
582 859 761 926 quinquaginta
771 865 856 920 naves,

102 949 166 1000 quas
181 939 208 985 P.
222 939 304 1006 Scipio
316 951 349 990 ex
361 938 478 1006 Hispania
490 935 597 992 misisset„
613 939 645 986 Et
656 940 682 986 P.
694 939 811 1006 Scipioni,
829 937 856 990 δι

102 1017 144 1063 M.
164 1015 246 1066 Silano
264 1017 312 1068 suae
329 1016 462 1084 Hispania,
481 1014 567 1082 suique
584 1015 709 1065 exercitus
721 1016 747 1064 in
762 1027 856 1066 annum
960 1017 964 1028 ’

101 1089 208 1143 decreti.
243 1097 326 1163 Scipio
335 1111 368 1146 ex
380 1094 506 1160 olioginta
516 1093 631 1154 navibus,
648 1107 707 1160 quas
717 1103 760 1144 aut
772 1091 856 1144 secum
903 1159 905 1164 Ι
924 1125 930 1134 -

103 1183 138 1220 ex
160 1171 231 1222 ltalia
257 1172 373 1224 addulias
392 1183 436 1224 aut
455 1181 539 1240 capras
563 1170 716 1236 Karthagine
739 1169 856 1235 habebat,

102 1247 285 1319 quinquaginta
304 1253 331 1302 in
348 1251 483 1302 Sardiniam
502 1248 667 1300 transmittere
684 1248 779 1314 julius:
796 1248 858 1316 quia

100 1325 170 1377 sams
180 1339 240 1392 esst,
258 1343 376 1395 magnum
388 1329 504 1380 navalem
514 1339 660 1397 apparatum
673 1343 704 1380 eo
716 1342 783 1378 anno
792 1329 856 1376 Kar·
924 1323 936 1383 ,’

102 1405 272 1470 thagineelle;
290 1407 401 1458 ducentis
410 1407 517 1458 navibus
526 1397 625 1456 omnem
634 1421 704 1456 oram
715 1405 801 1467 ltaliae,
818 1403 855 1454 si-

102 1481 224 1548 ciliaeque,
240 1499 269 1532 ac
281 1484 397 1534 Sardinia
405 1483 558 1550 impleturos.
593 1485 625 1533 Et
637 1483 664 1532 in
676 1482 757 1532 Sicilia
767 1483 802 1531 ita
811 1479 855 1531 di-

102 1555 207 1606 visores
219 1558 260 1606 est.
295 1563 352 1609 Sex.
372 1559 461 1610 Caesari
479 1560 601 1610 exercitus
619 1558 750 1610 Cannenlis
761 1558 794 1608 est
806 1559 863 1608 da-.

104 1642 154 1682 rus.
188 1635 228 1682 M.
241 1634 354 1684 Valerius
365 1637 482 1686 Laevinus
497 1637 529 1700 (ei
541 1649 640 1702 quoque
652 1637 717 1686 enim
732 1649 854 1703 proroga·

105 1721 159 1762 tum
171 1711 304 1778 imperium
315 1712 359 1777 ell)
376 1710 480 1774 classem,
496 1728 551 1778 quae
562 1711 594 1761 ad
607 1713 714 1764 Siciliam
726 1723 787 1777 erat,
798 1729 854 1764 vna-

25 1787 27 1792 '
104 1789 177 1840 vium
189 1787 343 1858 septuaginta
355 1789 487 1839 obtineret.
525 1788 634 1840 Adderet
651 1793 681 1838 en
694 1789 797 1855 triginta
808 1805 853 1842 na·

105 1855 158 1929 ies,
176 1881 230 1932 quz
246 1865 279 1916 ad
296 1869 436 1917 Tarentum
455 1866 537 1934 priore
549 1879 616 1918 anno
631 1865 738 1917 fuerant.
756 1882 813 1918 cunr
824 1882 856 1920 ea

105 1955 204 1996 eentum
223 1942 423 2005 nauiumelalle,
441 1945 461 1996 fi
476 1943 604 1995 videretur
621 1945 653 2009 ei,
671 1943 808 2012 praelatum
826 1947 854 1998 in

106 2021 217 2076 Africam
235 2023 368 2087 trajiceret.
403 2024 436 2074 Et
453 2024 481 2076 Ρ.
498 2023 616 2090 Sulpicio,
632 2032 661 2072 ut
678 2021 762 2073 endem
784 2023 857 2076 claise

104 2099 279 2152 llaeedoniam
298 2100 470 2168 Graeciamque
489 2101 647 2168 provinciam
665 2100 776 2166 haberet,
793 2117 854 2170 pto·

104 2189 221 2244 rogatum
231 2179 255 2228 in
265 2193 361 2234 annum
370 2179 502 2248 imperium
514 2179 556 2230 cll.
591 2181 631 2230 De
639 2177 742 2243 duabus,
760 2195 813 2246 quae
821 2181 855 2235 ad

103 2260 190 2310 urbem
209 2256 317 2330 Romaiu
335 2258 441 2323 fuerant,
467 2259 608 2326 legionibus
633 2259 696 2310 nihil
716 2269 852 2312 mutatum.

104 2338 312 2406 supplementum,
334 2353 385 2405 quo
411 2353 475 2408 opus
493 2339 552 2390 ellet
577 2337 711 2390 seriberent
731 2340 859 2410 consules,

105 2413 252 2480 permillum.
284 2416 340 2468 Uni
352 2417 377 2468 oc
388 2417 481 2483 viginti
492 2415 633 2482 legionibus
644 2431 675 2468 eo
686 2432 753 2469 anno
764 2416 852 2474 delen,-

105 2489 157 2542 lum
176 2491 309 2558 imperium,
325 2495 465 2546 Romanum
485 2495 527 2546 eli.
562 2497 595 2548 Et
612 2497 641 2546 P.
663 2495 765 2549 Licinio
781 2501 853 2555 Varo

106 2569 202 2638 pretori
219 2570 286 2622 urbis
303 2572 433 2635 negotium
449 2573 544 2638 datum,
561 2583 585 2625 ut
596 2589 665 2626 naues
675 2573 752 2645 longai
759 2575 854 2646 triginta

104 2655 188 2699 vetmr
198 2646 303 2711 reficeret,
318 2663 361 2714 que
371 2648 431 2713 Ostia
441 2660 511 2716 crant,
529 2653 556 2703 θ
568 2651 650 2720 viginti
660 2657 853 2722 nnvatrnavessoae

105 2726 143 2780 ciis
152 2725 264 2776 navalibus
275 2725 391 2792 impleret:
410 2736 434 2778 ut
450 2731 603 2797 quinquaginta
618 2731 710 2786 nauium
720 2731 780 2801 clmse
790 2749 854 2788 oram

106 2805 173 2854 maris
181 2803 278 2854 vicinam
285 2802 332 2853 urbi
343 2805 442 2856 Romane
451 2808 509 2857 tueri
516 2805 591 2875 poffet.
611 2811 640 2858 C.
652 2809 799 2878 Calpurnius
808 2826 851 2862 ve·

16 2951 17 2954 ¹
106 2883 163 2932 titus
176 2880 209 2930 ab
224 2881 324 2930 Arretio
337 2897 440 2934 movere
449 2885 596 2948 exereitum,
613 2883 657 2934 nili
668 2901 744 2953 quum
757 2886 852 2940 success
956 2947 957 2950 Ἴ

107 2957 145 3010 lor
155 2956 264 3011 venisset.
283 2957 352 3008 Idem
361 2959 387 3009 ὰ
398 2960 502 3012 Tubulo
511 2961 668 3029 imperatum,
675 2973 710 3026 vut
721 2963 778 3014 inde
786 2979 850 3036 pra,

106 3035 173 3108 cipue
184 3047 293 3104 caveret.
309 3051 341 3089 ne
352 3051 401 3113 qua
411 3053 480 3098 nova
492 3037 591 3098 confilia
603 3052 758 3110 eaperennrr.
850 3051 854 3060 ·

62 3121 67 3130 ’
445 3131 449 3138 ’
660 3121 763 3175 xxrtt.
782 3121 849 3177 Pru?
