2126 3642
192 195 253 266 ff!
441 195 673 253 univit

196 289 237 340 iod
249 299 342 340 novem
352 277 511 340 tribunonrm
521 287 620 340 auxilio
631 287 705 339 vetiti
719 285 820 340 causam
830 287 858 340 in
870 287 956 358 magi-

194 367 271 419 stratu
281 365 372 432 dicere,
389 366 527 434 dirniffique
536 367 645 418 fuerant
680 369 720 417 Nc
731 366 834 418 lustrum
844 369 955 436 perfice·

195 455 259 508 rent,
276 459 344 496 rnots
356 445 486 516 prohibuit
496 447 524 498 P.
536 446 616 496 Furii.
650 446 691 495 Μ.
703 445 795 497 Atilius
803 448 954 512 magistratu
997 495 1000 502 .

195 521 222 574 [e
234 523 387 574 abdicarit·
408 523 553 576 Consularis
570 522 673 573 comitia
685 522 770 574 habita
786 529 802 576 a
819 530 855 590 Q.
869 526 953 578 Fabio

195 599 315 652 Maximo
329 599 441 668 consule.
457 600 533 652 morti
550 599 663 651 oonsulct
678 599 756 650 ambo
771 599 896 667 absentes,
915 607 952 667 Q.

194 676 288 728 Fabius
307 679 437 730 Maximus
456 675 562 728 consulis
582 675 657 738 lilim,
684 676 710 726 de
730 677 775 727 Ti.
789 681 953 746 sempronius

196 756 326 806 Gracchus
338 756 438 806 iterum.
472 757 591 805 Pratores
603 754 668 804 fiunt
681 755 720 806 Μ.
734 755 834 820 Atilius,
853 757 888 819 dr,
907 755 951 823 qui

196 843 252 884 tum
268 833 350 885 aediles
367 833 463 884 curules
480 841 558 895 erant,
576 833 605 881 P.
624 833 783 899 Sempronius
795 833 950 900 Tuditanus,

196 911 225 964 ἃ
241 915 289 964 Cn.
308 913 413 963 Fulvius
426 910 593 971 Centumalus,
610 909 636 960 dc
648 911 687 959 M.
699 910 814 962 AEmiliut
827 910 950 978 Lepidus.

197 989 285 1044 Ludos
297 989 406 1042 scenicos
418 1007 462 1059 per
472 989 632 1056 'quatriduum
649 1003 681 1038 eo
698 1003 765 1040 anno
782 990 894 1056 primum
910 990 950 1040 fs·
1033 997 1034 1002 ’

197 1071 250 1122 Ros
262 1071 294 1124 ab
306 1071 431 1122 curulibus
443 1069 563 1133 sedilibus,
579 1067 707 1118 mennoniae
718 1067 842 1136 proditur.
877 1070 949 1120 AEdi·

197 1149 228 1202 lis
238 1151 379 1202 Tuditanus
390 1151 429 1200 hic
444 1161 504 1213 erat,
522 1149 565 1215 qui
580 1146 611 1198 ad
623 1150 728 1211 Cannas,
748 1163 842 1215 pavore
855 1149 912 1199 aliis
922 1149 949 1200 iu

198 1239 268 1279 tanta
277 1226 346 1278 clade
361 1227 526 1296 torpentibus,
543 1225 691 1294 permedios
701 1227 780 1276 hostes
791 1227 878 1277 evalit.
898 1231 948 1279 Co-

194 1307 275 1358 mitiis
293 1305 414 1372 persediis,
436 1304 536 1355 aunone
555 1307 588 1370 Q.
607 1303 688 1355 Fabio
705 1305 813 1369 consule,
830 1305 949 1371 defignati

197 1379 310 1432 consules
324 1384 432 1431 Romam
443 1377 547 1430 arcediti
560 1379 729 1445 magistratum
739 1381 862 1432 inierunt:
880 1381 950 1434 scua-

197 1469 302 1525 tumque
319 1457 350 1508 de
367 1459 434 1509 bello
453 1473 482 1508 ac
499 1459 638 1526 provinciis
655 1457 703 1509 suis
716 1469 906 1526 praetorumque,
922 1461 950 1512 d:

197 1536 229 1588 de
240 1535 398 1598 exercitibus,
410 1537 500 1604 quibus
511 1536 603 1603 quique
612 1535 745 1606 praecilent,
762 1535 947 1589 consuluerunt.
1036 1582 1037 1608 ,

233 1618 330 1666 xilv.
357 1617 444 1682 ltaque
466 1615 606 1682 provincia
624 1625 699 1680 atque
721 1615 846 1666 exercitus
865 1615 946 1667 divin.
1036 1615 1037 1638 ¹

198 1691 292 1744 Bellum
303 1707 361 1744 cum
370 1691 511 1744 Hannibale
522 1691 663 1744 consulibus
672 1691 827 1758 mandatum,
843 1694 869 1744 dc
876 1707 947 1744 excr-

198 1773 294 1824 cituum
312 1787 384 1835 unus,
401 1785 475 1840 quent
494 1768 545 1839 ipsc
559 1769 722 1837 sempronius
733 1772 867 1833 habuerat3
884 1771 948 1821 alter

133 1891 138 1902 .
198 1865 274 1917 quem
285 1851 377 1902 Fabius
388 1849 484 1902 consul.
501 1865 536 1900 ea
547 1849 611 1900 binae
620 1858 690 1897 erant
700 1848 817 1914 legiones.
851 1851 890 1898 M.
903 1849 946 1898 Ε·
1037 1853 1038 1868 ’

198 1927 283 1978 rullius
294 1939 393 1996 prator,
411 1927 481 1992 eujus
499 1925 628 1995 peregrina
639 1923 690 1975 sors
702 1937 763 1990 crat,
779 1923 947 1991 jurisditiione

198 2007 240 2060 M.
254 2007 333 2058 Atilio
346 2007 446 2071 college
456 2005 555 2074 praetori
567 2005 663 2055 urbano
673 2003 798 2068 mandati,
815 2005 947 2054 Luceriam

199 2085 358 2154 provinciam
371 2087 479 2148 haberet,
496 2083 653 2150 legionesque
667 2083 736 2146 duas,
753 2084 843 2150 quibus
853 2087 887 2150 Q.
899 2086 946 2135 Fa·

198 2163 263 2225 biuc,
280 2166 324 2230 qui
337 2175 390 2216 turn
399 2162 484 2216 consul
496 2175 557 2227 erat,
575 2173 665 2231 praetor
674 2163 812 2229 prefuerat.
837 2165 866 2212 Ρ.
878 2165 947 2214 Scin·

199 2239 291 2308 pronio
301 2244 432 2310 provincia
443 2241 593 2304 Ariminum,
606 2245 652 2292 Cn.
663 2241 753 2292 Fulvio
761 2239 947 2305 suessula-cnm

198 2319 264 2370 binis
279 2320 338 2370 item
350 2319 498 2386 legionibus,
516 2331 669 2372 evenerunt:
687 2331 715 2370 ut
727 2317 826 2368 Fulvius
837 2319 949 2372 urbanas

198 2397 309 2464 legiones
325 2397 435 2462 duceret,
453 2399 596 2452 Tuditanus
613 2405 627 2449 a
645 2401 684 2450 M.
697 2397 834 2464 Pomponio
844 2399 945 2468 accipe·

197 2488 245 2530 ret.
272 2479 409 2543 Prorogata
420 2479 523 2543 imperia
536 2479 728 2546 provinciaque,
740 2481 778 2529 Μ.
790 2477 896 2530 Claudio
910 2480 945 2530 si-

197 2555 256 2606 cilia
268 2553 359 2606 linibus
370 2557 414 2619 eis,
426 2557 629 2624 quibus‘regnutn
639 2559 756 2610 Hieronis
766 2553 863 2610 suillci:
880 2561 946 2610 Len·

197 2633 253 2684 tulo
265 2635 413 2704 propraetori
431 2633 562 2702 provincia
582 2647 668 2688 vetus:
687 2638 723 2686 T.
740 2632 848 2688 Otacilio
863 2637 945 2689 claffis.

197 2709 322 2786 dlxercitus
338 2711 404 2768 nulli¹
411 2711 489 2764 additi
503 2713 576 2770 novi.
611 2717 650 2766 Μ.
667 2714 769 2766 Valerio
782 2716 880 2774 Gracia
891 2718 946 2766 Ma·

145 2847 150 2860 ἱ
198 2789 361 2857 cedoniaque,
379 2807 435 2844 cum
449 2791 584 2864 legions&
597 2791 675 2858 classe,
686 2807 762 2864 quam
774 2793 892 2843 haberet:
911 2795 944 2858 Q.
969 2805 976 2818 ·

198 2859 289 2919 dilucio
301 2883 359 2921 cum
368 2881 453 2922 vetere
462 2871 575 2925 exercitu
586 2869 649 2936 (duae
659 2865 743 2920 antem
751 2869 861 2936 legiones
870 2871 948 2932 erant)

199 2945 325 3000 Sardinia:
344 2951 374 3001 C.
385 2951 508 3002 Terentio
522 2941 589 3014 legio
604 2961 661 3010 una,
678 2948 720 2997 cui
729 2947 782 3012 jam
794 2953 904 3016 praeerai,
922 2949 946 3000 dc

198 3019 328 3128 {loetum
362 3028 440 3082 scribi
451 3040 568 3101 praterea
579 3023 861 3094 dualegionesurbaua
870 3025 947 3158 juilnpg
