2062 3640
326 225 616 282 trrrrxrrv.
794 232 845 296 3„

93 323 173 387 locut,
183 321 227 390 qui
237 319 272 372 ob
283 319 390 388 idipsum
401 318 517 370 intentius
528 313 717 383 custodiebatur,
726 331 778 372 non
788 319 845 388 pos·

95 401 255 463 seqroccasro
267 398 437 466 quaerebrrur:
455 411 529 464 quem
538 397 629 448 obtulit
638 396 772 466 uniiuga,
781 413 845 450 nuu-

96 479 176 538 ciens,
192 477 258 528 diem
274 477 362 526 sellum
379 475 466 526 Diauae
487 489 531 542 per
545 474 654 526 triduum
670 475 719 540 agi,
736 477 770 542 dt,
787 477 846 544 quia

97 554 149 604 alia
165 555 192 604 in
207 553 333 608 obsidione
346 552 430 616 desint,
448 553 511 602 vino
525 553 616 616 largius
628 553 709 620 epulas
721 553 848 621 celebrari,

99 633 127 684 δε
136 633 168 683 ab
179 633 289 701 Epicyde
300 633 404 702 prebito
416 631 537 682 univesa
546 631 634 698 plebei,
652 631 730 701 &per
741 633 820 684 tribus
831 639 847 688 d

99 713 253 780 principibus
268 711 362 764 diviso.
396 711 426 762 ld
442 710 488 761 ubl
510 711 607 777 accepit
625 713 766 776 Marcellus,
789 728 847 768 cum

99 793 187 859 paucis
203 793 361 844 tribunorum
375 789 483 854 militum
498 787 644 852 collocutur,
662 788 790 857 elellisque
803 805 849 859 per

99 884 143 919 eos
153 869 184 920 ad
193 885 245 920 rem
254 879 349 930 tantum
358 866 478 932 agendam
488 864 675 932 audendamque
684 867 779 920 idoneis
789 885 848 922 eeu·

98 947 240 998 talionibus
254 943 431 1011 militibusque,
448 945 474 994 dt
488 943 558 994 scalis
569 944 596 994 in
610 943 710 995 occulto
717 961 849 1016 eomputa-

99 1027 141 1089 tis,
158 1027 244 1076 ceteris
253 1026 347 1090 signum
358 1023 412 1074 deri
424 1021 505 1087 jubet,
521 1025 654 1072 armature
663 1037 768 1090 corpora
776 1040 846 1078 eura·

99 1113 166 1164 rent,
175 1103 303 1169 quietique
311 1103 405 1153 darent.
423 1099 497 1150 node
508 1098 730 1167 inexpeditionem
739 1101 849 1156 eundum

101 1178 160 1230 elle.
195 1179 255 1230 lude
266 1179 309 1230 ubi
320 1179 344 1230 id
359 1177 478 1246 temporis
487 1175 578 1240 visum,
594 1191 647 1242 quo
655 1175 686 1226 de
694 1175 733 1228 die
745 1178 852 1246 epulatio

98 1257 153 1322 jem
165 1257 219 1307 vini
230 1255 302 1310 satiat
317 1257 517 1326 principiumque
529 1253 609 1306 somni
621 1253 687 1318 ellet,
704 1255 765 1320 signi
776 1258 850 1310 uniut

99 1333 266 1389 militensem
283 1333 358 1384 scalas
371 1331 455 1396 iusim
471 1331 497 1382 dr
514 1331 545 1380 ad
562 1331 630 1382 mille
646 1330 696 1382 sere
712 1335 801 1384 armati
812 1343 851 1384 te·

100 1413 145 1464 nui
156 1414 255 1477 agmine
267 1427 311 1480 per
328 1411 452 1462 siendum
462 1413 495 1459 ed
504 1407 610 1460 deduili.
643 1409 693 1460 Ubi
704 1410 752 1462 sure
764 1411 850 1480 strepi·

101 1500 131 1540 tu
143 1506 173 1540 rc
188 1492 296 1542 tumultu
307 1491 382 1559 primi
389 1488 520 1540 evaserunt
536 1487 562 1538 in
570 1501 678 1552 murum,
695 1486 849 1540 securiordi·

102 1583 135 1619 tre
146 1568 203 1630 alii3
221 1583 299 1636 quum
314 1570 424 1636 priorum
437 1565 540 1622 audacia
556 1565 637 1618 dubiis
651 1566 727 1618 etiam
737 1569 850 1622 animum

103 1645 206 1698 fuceret.
288 1697 292 1706 ,

138 1725 240 1774 XXIV.
264 1723 319 1787 Jam
341 1722 408 1772 mille
432 1731 584 1774 armatorum
606 1734 720 1789 ceperant
742 1730 849 1792 partem,

102 1811 181 1864 quum
200 1805 287 1848 cetere
302 1795 416 1858 admolae,
439 1794 600 1863 pluribusque
617 1795 685 1846 scalis
703 1797 729 1846 in
749 1811 851 1850 murum

103 1873 251 1938 evadebant,
268 1873 337 1939 sgno
353 1873 386 1924 ab
402 1873 539 1940 Hexapylo
555 1871 615 1924 dato
622 1889 634 1932 p
646 1875 697 1937 qud
708 1887 752 1939 per
762 1875 851 1940 ingen·

103 1964 154 2004 rem
168 1951 323 2004 solitudinem
331 1963 384 2002 erat
394 1961 550 2020 peruentum,
567 1949 626 2014 quia
640 1965 730 2014 magna
743 1967 806 2018 pare,
824 1955 853 2008 in

103 2031 211 2084 turribus
222 2033 327 2100 epulati,
340 2041 384 2082 aur
396 2029 470 2098 sopiti
479 2031 542 2080 vino
551 2039 629 2092 etam,
645 2039 689 2080 aut
703 2028 853 2095 semigrare·

104 2108 232 2176 potabant.
249 2123 342 2176 paucos
356 2117 440 2158 tamen
454 2115 542 2157 eorum
557 2103 682 2172 oppressos
694 2105 719 2156 in
729 2107 854 2160 eubilibue

104 2186 289 2238 interfecerunt.
323 2189 405 2254 Prope
421 2185 577 2250 Hexapylon
594 2183 637 2234 est.
646 2186 855 2260 portula-magud

102 2267 132 2318 vi
141 2265 243 2331 refringi
254 2267 349 2332 csepmr
364 2265 390 2317 dt
401 2268 415 2314 ὲ
425 2279 497 2316 muro
506 2277 539 2316 ex
550 2263 689 2329 composito
697 2264 758 2318 rubr
765 2265 853 2320 datum

102 2345 198 2410 signum
206 2355 268 2395 erat.
286 2347 319 2396 Et
329 2345 383 2408 iem
397 2342 515 2409 undique,
524 2355 575 2394 non
587 2343 680 2408 furtim,
696 2343 738 2396 sed
748 2339 854 2414 ri'aper-

104 2425 139 2481 ni,
154 2422 284 2484 gerebatur
295 2437 341 2472 ree.
359 2423 453 2490 quippe
463 2420 495 2473 ad
504 2422 629 2489 Epipolas,
645 2422 801 2490 frequentem
809 2439 853 2476 cn·
885 2453 889 2461 ·

105 2497 289 2560 slodiieioeum,
306 2512 457 2566 perventum·
466 2511 528 2566 erat,
546 2500 703 2569 terrendique
716 2505 794 2570 mugit
808 2504 853 2557 iro·

78 2621 83 2630 .
105 2579 152 2630 sles
163 2586 242 2639 erant,
260 2578 455 2647 quimsnllendi5
471 2581 531 2632 sieut
543 2583 621 2634 territi
632 2582 697 2634 sunt.
714 2585 854 2636 ntmsrmul
901 2581 907 2594 ‘

105 2670 136 2707 ae
153 2652 273 2704 tubarum
287 2653 321 2704 est
334 2654 433 2706 auditur
448 2669 541 2725 mutue,
558 2662 701 2728 clamaque
715 2663 858 2714 tenentium

104 2747 190 2786 muros
202 2741 350 2800 partemque
356 2734 436 2797 urbis3
452 2739 536 2789 omnio
547 2740 625 2790 teneri
634 2739 808 2803 tumescenti,
824 2754 852 2788 a·

104 2813 133 2862 lii
144 2827 189 2880 per
203 2811 405 2878 mutumsugere,
422 2814 463 2868 alii
473 2815 542 2868 salire
554 2815 584 2866 de
593 2830 674 2880 muro,
692 2817 853 2885 precipitari·

104 2903 153 2956 que
164 2888 238 2938 turba
246 2891 401 2953 paventium.
435 2896 530 2958 Magne
539 2890 857 2959 pertramenignrrrtanti

105 2967 233 3028 maliem,
250 2969 393 3035 &gravatis
404 2971 521 3024 omnibus
535 2971 600 3020 vino
611 2969 756 3037 somnoque,
774 2969 808 3031 dt,
825 2969 858 3020 in.

105 3043 179 3100 rasin
187 3047 365 3113 magnitudinis
372 3048 567 3128 ubepmum
577 3046 651 3114 lenm
659 3053 714 3118 ‘qon
728 3047 856 3164 scirtiie'nple‘ree
