2126 3642
355 239 527 300 LIBE'R
560 235 661 296 xxiv.
818 257 866 308 are

120 325 363 402 modb'quindecim
380 327 458 400 puero
480 332 596 398 reliquie:
620 343 683 398 quos
703 340 815 399 precatus
835 332 870 382 eli

122 413 242 476 morlens,
253 421 282 460 ur
294 409 368 460 fidem
381 424 438 475 erga
452 409 572 478 populum
584 411 731 474 Romanum,
749 410 871 476 quinqua·

123 493 196 556 ginta
204 504 283 542 annos
293 489 326 539 ab
337 487 362 539 se
373 490 473 553 cultam,
491 488 638 538 inviolatam
649 487 782 552 servarent,
797 490 872 554 juve·

44 597 47 602 ·
124 583 234 634 nemque
245 567 293 617 suis
311 566 461 635 potissimum
473 566 582 630 vestigiis
599 565 704 616 insistere
720 568 813 618 vellent
823 567 874 622 dis·

125 645 282 712 ciplinaequc,
295 646 321 694 in
332 661 382 710 qua
393 643 492 694 edoklus
503 642 570 692 effer.
583 646 642 693 Haec
650 643 774 696 mandata.
788 649 874 711 Quum

126 720 278 789 exspirasset,
295 735 339 789 per
356 721 612 776 tutoresrcstamento
624 721 730 786 prolato,
747 737 875 790 pueroque

61 863 67 870 ,
127 799 155 848 in
171 800 319 868 concionem
336 797 467 867 produslo,
484 799 546 861 (erat
562 807 646 846 autem
658 798 797 863 quindecim
814 813 874 853 tune

126 875 206 928 ferme
218 883 352 944 annorum)
369 878 462 946 paucis,
480 877 524 943 qui
542 888 587 942 per
603 877 750 926 concionem
762 879 793 929 ad
804 881 876 931 exci-

126 955 218 1006 tandos
236 958 355 1007 clamores
372 955 482 1024 disposui
500 965 577 1016 crant,
595 955 790 1022 approbantibus
805 957 875 1009 tella·
934 963 940 976 ’

127 1043 253 1098 mentum,
261 1037 356 1098 ceteris,
364 1033 434 1084 velut
443 1043 513 1100 parre
523 1027 618 1095 amisso,
627 1033 652 1080 in
661 1032 722 1082 orba
734 1035 836 1084 civitate
847 1051 877 1106 o-

127 1113 200 1162 mnia
212 1112 363 1177 timentibus,
379 1111 452 1162 sunus
467 1108 496 1159 fit
507 1111 610 1174 regium,
628 1111 706 1174 magis
718 1115 878 1164 amore'civi-

128 1203 175 1238 um
188 1189 214 1240 de
225 1191 335 1254 caritate,
353 1193 426 1258 quim
439 1189 497 1240 cura
514 1185 623 1249 suornm,
641 1188 745 1240 celebre.
780 1189 878 1244 Deinde

128 1265 228 1317 cereroi
250 1277 343 1318 tutores
372 1266 506 1317 submovet
529 1263 731 1331 Andranodorus,
756 1268 878 1333 juvenem

125 1345 182 1410 jam
199 1343 245 1394 esse
262 1344 374 1396 disiitans
392 1345 585 1408 Hieronymum,
602 1357 631 1392 ac
648 1345 717 1408 regni
731 1356 878 1412 potentem:

128 1421 328 1488 deponendoque
342 1411 448 1485 'tutelam
463 1417 525 1488 ipse,
540 1434 595 1485 quae
612 1433 669 1469 cum
686 1421 796 1488 pluribus
808 1441 878 1476 com·

129 1502 215 1552 munis
226 1511 286 1564 erat,
305 1503 330 1551 in
341 1499 365 1553 se
377 1513 454 1550 unum
466 1499 578 1548 omnium
591 1499 656 1548 vires
667 1503 802 1553 convertit.

165 1583 201 1628 V.
220 1580 274 1628 Vix
285 1579 384 1644 quidem
402 1577 445 1626 ulli
462 1578 530 1627 bono
546 1576 724 1646 moderatoque
735 1582 787 1646 regi
799 1581 879 1633 sacilis

130 1666 188 1708 erat
198 1657 274 1709 saror
283 1656 349 1726 apud
361 1657 533 1724 Syracusanos,
552 1655 691 1722 succedenti
703 1668 776 1710 tante
788 1660 879 1710 carita-

131 1737 152 1786 ti
164 1734 291 1784 Hieronis.
310 1735 470 1794 verumenim
479 1738 541 1784 verb
553 1735 731 1798 Hieronymus,
748 1736 818 1786 velut
830 1737 880 1787 suis

129 1815 202 1866 vitiis
212 1813 394 1864 desiderabilem
406 1813 500 1864 efficere
512 1812 588 1861 vellet
599 1827 686 1875 avum,
703 1813 786 1878 primo
798 1815 879 1866 statim

130 1892 272 1961 eonspesiu‚
288 1893 373 1943 omnin
385 1898 459 1958 quam
471 1890 576 1958 disparia
589 1888 672 1951 essent,
688 1891 803 1940 ostendit.
820 1908 879 1942 uam

131 1973 177 2040 qui
189 1985 233 2039 per
250 1982 289 2022 tot
305 1975 383 2022 arbos
395 1972 532 2020 Hieronem
544 1967 671 2034 filiumque
682 1969 735 2031 ejus
748 1969 880 2036 Gelonem,

131 2067 180 2103 nec
192 2049 264 2122 uestis
276 2047 371 2112 habitu,
388 2066 434 2100 nec
446 2051 495 2102 alio
507 2048 559 2100 ullo
571 2047 659 2111 insigni
667 2045 806 2098 differentes
816 2055 882 2102 ace·

130 2130 191 2182 terii
202 2130 299 2181 civibus
316 2127 439 2194 vidissent,
456 2128 609 2196 conspexere
624 2141 770 2195 purpuram,
786 2145 815 2180 ac
826 2129 880 2181 dia-

128 2207 212 2274 dema,
229 2225 258 2260 ac
269 2209 384 2259 satellites
395 2219 518 2270 armatos;
536 2207 709 2275 quadrigisque
719 2209 794 2259 etiam
807 2210 880 2262 albo·

129 2303 187 2339 rum
199 2303 320 2352 equorum
334 2285 458 2336 interdum
479 2301 511 2335 cx
529 2287 596 2350 regia
612 2284 791 2354 procedentem,
807 2299 881 2338 more

129 2363 247 2430 Dionysii
255 2365 370 2429 tyranni.
388 2367 461 2414 Hunc
474 2373 525 2413 ram
537 2363 668 2431 superbum
680 2375 824 2430 apparatum
832 2366 885 2416 ha-.

128 2442 261 2506 bicumque
270 2443 446 2493 convenientes
455 2441 620 2509 sequebantur
629 2447 786 2510 contemptus
796 2443 879 2496 omni-

128 2533 176 2592 um
188 2519 325 2584 hominum,
342 2520 452 2588 superbae
463 2536 551 2583 aures(
560 2522 739 2573 contumeliosa
752 2521 823 2586 diua,
836 2537 877 2574 ra·

128 2598 152 2650 ri
165 2593 253 2660 aditus,
270 2613 319 2650 non
331 2601 416 2650 alienis
429 2600 514 2664 mod'o,
531 2599 572 2650 scd
585 2601 707 2652 tutoribus
718 2593 802 2665 etiam,
817 2601 877 2652 libi-

128 2675 201 2728 dines
219 2689 300 2742 πονε,
317 2680 453 2729 inhumana
469 2679 608 2730 crudelitas.
643 2683 730 2744 ltaque
741 2690 829 2746 'taurus
845 2696 876 2730 o·

127 2769 200 2807 mnes
219 2765 300 2808 terror
319 2758 452 2821 invaserat,
470 2769 497 2807 ut
516 2757 617 2824 quidam
637 2772 670 2809 cx
688 2758 812 2810 tutoribus
831 2767 876 2810 ant

126 2845 212 2887 morte
223 2837 374 2902 voluntaria,
391 2847 435 2886 aut
451 2835 510 2902 lugd
527 2847 701 2904 preverterent
711 2848 806 2887 metum
818 2838 877 2905 sup-¹

127 2913 273 2981 pliciorum.
299 2917 364 2964 Tres
376 2927 409 2964 ex
420 2915 457 2980 iis,
476 2914 566 2980 quibus
577 2914 633 2966 solis
644 2914 726 2966 aditur
735 2915 761 2965 ln
772 2916 877 2968 domum

127 2989 344 3054 luminariorum,
354 2989 548 3042 Andraoodorue
558 2989 583 3041 de
592 2993 709 3059 Zoippus,
719 2992 803 3056 generi
813 2993 886 3042 Hie-'

127 3067 206 3137 roris,
223 3067 363 3134 &Thraso
378 3068 487 3139 quidam,
505 3068 536 3118 de
552 3069 605 3123 aliie
615 3068 715 3142 quidem
726 3068 798 3123 rebus
810 3068 878 3122 hand

210 3167 213 3176 ·
484 3148 539 3200 02
742 3154 873 3206 ,meguo-
