2140 3640
361 309 362 312 ,
384 267 552 318 urunt
585 265 691 318 xxnl.
850 283 897 332 271

153 356 283 424 occupatis
294 355 380 422 proello
397 355 544 420 legionibus,
561 355 588 404 in
605 369 634 404 ea
649 355 758 422 impetus
769 353 849 405 fie'ret.
867 359 905 415 ita

155 435 264 484 inllrudi
284 435 350 483 intra
367 444 449 500 portas
466 434 570 499 stabant,
605 432 748 496 Hannibali,
765 433 810 484 sub
830 434 905 498 fignis

156 510 269 577 (idquod
287 525 332 578 per
349 511 445 576 aliquot
463 509 514 560 dies
531 510 633 576 fecerat)
649 509 680 560 ad
692 511 797 560 multum
813 511 862 561 diei
878 513 907 562 in

156 591 209 638 acie
225 588 304 652 stanti,
322 589 405 656 primb
422 589 543 640 miraculo
561 585 615 653 esse,
633 587 700 652 qubd
717 603 762 638 nec
781 591 908 640 exercitus

156 669 282 718 Romanus
294 667 367 734 portb
378 665 542 731 egrederetur,
560 681 606 715 nec
617 677 725 718 annatur
738 667 866 734 quisquam
879 657 908 720 in

157 745 233 795 tuturis
243 743 309 794 esset.
327 754 395 794 ratus
406 740 495 794 deinde
510 743 608 811 prodita
621 744 744 810 colloquia
753 745 807 809 else,
825 757 907 798 metu-

158 837 206 889 que
222 823 307 874 resrdes
324 823 410 890 fastos,
428 833 523 891 partem
540 822 647 871 militum
664 823 690 871 in
705 823 780 873 casira
791 826 909 890 remittit,

155 899 231 970 jussor
250 917 355 969 propere
375 911 534 969 apparatum.
545 913 645 950 omnem
656 901 827 968 oppugnanda
838 903 911 954 urbis

53 1022 59 1036 ,
157 979 185 1028 in
198 979 304 1045 primam
321 981 400 1029 aciem
418 977 520 1039 afferre,
537 977 594 1026 satis
606 976 690 1038 fidens,
708 977 911 1031 ficunttannbus

158 1054 267 1118 instaret,
285 1055 417 1106 mmultum
428 1055 537 1122 aliquem
549 1055 575 1102 in
590 1054 651 1102 urbe
663 1053 760 1120 plebem
772 1068 909 1108 motumm.

160 1133 230 1182 Dum
239 1131 265 1181 iu
274 1129 316 1181 sua
324 1132 426 1198 quisque
434 1131 567 1182 ministeria
576 1129 687 1181 discursu
698 1132 806 1198 trepidat
815 1133 845 1182 ad
857 1133 908 1200 pri·

160 1207 293 1274 maligna,
311 1207 465 1275 succeditque
482 1208 514 1258 ad
530 1221 615 1284 murps
634 1209 709 1274 acles,
731 1208 851 1276 patesaiii
869 1225 909 1260 re·

160 1291 232 1353 pente
244 1288 322 1356 poitd,
333 1289 467 1338 Marcellus
479 1287 545 1354 signa
558 1287 653 1351 calere,
666 1287 850 1354 clamoremque
860 1287 911 1338 tol·

139 1360 140 1364 ¹
158 1365 185 1428 li,
202 1365 242 1416 a?
247 1366 341 1433 pedites
358 1367 476 1434 primum,
494 1363 581 1416 deinde
598 1367 700 1431 equites,
719 1379 812 1431 quanto
826 1369 909 1417 maxi-

158 1457 202 1493 mo
215 1445 310 1510 possent
321 1445 424 1512 impetu,
442 1445 468 1494 in
484 1443 576 1494 hostem
589 1459 716 1513 erumpere
730 1446 812 1510 jubet.
848 1449 910 1498 Satin

133 1513 137 1519 ¹
160 1523 260 1572 terroris
269 1521 557 1589 tumultusqueiuacietn
565 1523 672 1574 mediam
681 1525 816 1576 intulerant
815 1541 911 1593 ‚quum

160 1597 257 1651 duabus
267 1602 331 1650 cuca
342 1601 459 1668 porus?
473 1602 586 1651 Valerius
597 1603 781 1654 Flaccus&C
794 1606 911 1656 Aurelius

155 1676 257 1744 legau
246 1692 373 1730 rucomua
384 1679 491 1731 nouum
499 1695 611 1749 erupere
641 1681 766 1732 Addidere
775 1683 912 1734 clamorem

157 1755 220 1808 suta
230 1756 382 1826 calonesque,
399 1759 424 1810 de
439 1739 488 1810 alia
501 1759 575 1810 rurba
590 1759 706 1810 custodia
718 1759 912 1828 impedimento-

159 1847 217 1888 rum
225 1835 344 1906 appofita,
360 1847 389 1888 ut
397 1838 549 1906 paucitatem
558 1839 668 1888 maxime
677 1837 847 1906 spernentibus
853 1843 912 1892 to

4 1895 9 1903 Ι
61 1941 64 1946 ·
160 1916 318 1982 mutugenna
332 1921 432 1988 repente
449 1915 693 1984 exercrtdsspecrem
710 1915 822 1966 fecerint
858 1921 914 1974 Vix
1000 1907 1006 1920 ⁸
1067 1933 1068 1944 ¹

126 2051 132 2066 Ι
159 1983 274 2060 equidem
285 1993 361 2046 ausim
372 1991 501 2060 affirmare,
518 1990 587 2061 quod
605 1991 706 2059 quidam
723 1992 843 2044 autlorea
839 1994 915 2062 sunt,

162 2071 215 2124 duo
234 2073 311 2124 millia
331 2075 370 2126 de
368 2071 531 2140 obingentos
551 2072 658 2123 hostium
678 2072 772 2134 cason
787 2087 839 2126 uon
856 2075 914 2164 plus

163 2153 311 2219 quingentos
320 2156 462 2204 Romanum
477 2151 586 2204 amisisse.
596 2152 662 2202 ¹sive
674 2160 750 2218 tanta,
768 2149 819 2202 live
829 2153 918 2206 minut

163 2229 271 2282 visloria
282 2231 339 2296 suit,
357 2233 442 2298 ingens
458 2247 489 2283 eo
500 2232 539 2282 die
548 2247 594 2295 res,
612 2231 741 2298 acloescio,
758 2246 789 2282 an
800 2233 915 2283 maxima

163 2309 206 2360 illo
217 2310 284 2360 bello
295 2309 360 2375 gella
371 2310 418 2363 fit„
426 2325 477 2360 non
492 2310 562 2362 vinci
577 2309 645 2359 enirn
655 2309 688 2360 ab
703 2309 842 2362 Hannibale
853 2311 913 2366 uiu-

164 2389 277 2440 centibus
288 2389 410 2440 difficilius
421 2389 478 2456 suit,
494 2395 569 2457 quam
580 2389 663 2457 postea
674 2390 785 2440 vincere.

99 2473 101 2480 ’
140 2519 142 2522 ,
199 2471 285 2516 XVII.
313 2469 446 2530 Hannibal,
481 2467 524 2542 spe
546 2467 673 2538 potiunda
695 2467 766 2520 Nolae
788 2468 916 2540 adempti,

164 2559 242 2610 quum
260 2549 363 2601 Acerras
380 2545 514 2611 recellilset,
532 2547 665 2598 Marcellus
682 2547 916 2616 externplo,claus1e

164 2621 243 2690 portis
266 2618 457 2690 custodibusque
473 2623 602 2692 dispostit,
623 2625 729 2692 ne‘quis
748 2625 917 2693 egrederetur,

147 2699 322 2766 questionem
335 2703 361 2752 in
381 2702 439 2754 soro
451 2702 482 2754 de
493 2704 531 2768 iis,
549 2704 592 2770 qui
611 2705 675 2756 elam
686 2703 712 2754 lu
723 2699 856 2774 colloquiis
866 2703 916 2755 ho·

163 2777 235 2828 ilium
254 2777 362 2844 lucrant,
386 2781 488 2832 babuit:
515 2779 587 2850 supra
606 2781 762 2852 septuaginta
784 2781 918 2840 damnatos
963 2774 965 2778 ’

163 2855 311 2924 proditionis
323 2857 401 2910 securi
419 2860 541 2929 pereulbt,
557 2859 674 2928 bonaque
685 2875 773 2911 eorum
788 2859 855 2923 juffit
866 2873 915 2927 pu·

151 2931 229 2982 ·blica
249 2935 337 3001 populi
357 2939 465 2988 Romani
482 2935 547 2986 else:
565 2935 599 3001 ἃ,
616 2937 711 2988 summa
724 2951 807 2987 rerum
818 2933 918 2986 senatui

164 3009 263 3075 tradita,
281 3027 339 3060 cum
349 3015 462 3066 exercitu
473 3015 542 3066 omni
554 3013 685 3080 prosekius,
697 3013 770 3078 supra
782 3011 917 3062 Suessulam

164 3083 247 3138 talleis
263 3085 348 3157 positis
367 3090 486 3144 consedit
521 3091 617 3155 Poeuus,
636 3095 739 3140 Acerras
756 3087 867 3154 primum
883 3083 919 3134 ad
