2062 3640
183 219 234 281 'qen
438 208 476 266 Τ.
510 211 668 268 Livi!

186 303 328 356 Bomilcaris
345 301 475 371 adrentus,
492 306 558 356 lama
576 308 663 373 primo,
679 303 743 354 dein
755 313 851 372 prater
872 307 944 375 spem

184 383 262 444 mora,
279 397 356 446 quum
377 383 494 446 gaudium
512 386 537 434 tr
554 395 648 434 metum
665 383 691 432 in
709 384 795 434 vicem
815 389 944 438 Romanis

185 457 390 524 Syracusanisque
403 460 557 527 prabuillet;
574 460 698 526 Epicydes
716 471 845 522 metucns,
867 461 942 522 nc,fi

184 547 316 602 pergerent
328 537 410 602 iidem,
429 539 472 603 qui
484 549 536 587 tum
547 537 673 598 tenebant,
690 538 723 586 ab
735 547 796 588 ortu
808 538 871 588 solis
883 541 943 589 flare

184 625 229 677 per
245 611 297 660 dies
316 614 397 680 plures
415 616 492 676 venti,
510 613 584 662 clailie
601 613 693 662 Punica
711 613 825 663 Africam
845 627 942 683 repete·

184 699 231 750 tet,
247 688 336 740 traditi
356 691 495 742 Achradina
513 690 722 739 mercenariorum
739 691 855 746 militum
872 693 940 742 duci·

186 763 241 824 bus,
258 765 289 814 ad
301 767 461 816 Bomilcarem
474 767 584 828 navigat,
602 763 697 814 clallem
710 765 736 814 in
748 765 858 816 statione
872 767 940 817 versa

186 841 213 890 in
233 839 344 890 Africam
361 844 500 904 habentem,
517 852 592 906 atque
601 842 731 890 timentem
750 843 845 892 navale
858 845 939 910 proeli·

94 915 101 926 '
186 933 238 980 um,
256 935 307 968 non
319 932 369 970 tam
380 921 446 985 quud
458 922 538 985 impar
552 919 648 968 viribus
659 929 703 967 aut
714 933 821 978 numero
833 923 939 970 navium

188 995 254 1056 ellet,
272 997 374 1062 (quippe
385 998 459 1046 etiam
474 997 554 1062 plures
565 994 681 1059 ilabebat)
697 998 772 1059 quam
784 996 855 1060 quod
869 996 939 1048 venti

188 1075 297 1140 aptiores
316 1073 441 1135 Romana,
459 1079 532 1138 quam
551 1071 606 1133 sure,
629 1071 694 1120 clalll
711 1073 809 1136 flarent,
828 1073 939 1139 perpulit

189 1148 299 1210 tandem,
317 1159 344 1196 ut
356 1146 482 1196 soriuuam
493 1148 588 1198 navalis
605 1147 744 1195 certaminis
762 1149 876 1213 experiri
887 1148 938 1197 vel·

186 1227 231 1276 lct'.
256 1228 288 1279 Et
298 1225 437 1285 Marcellus,
455 1237 531 1289 quum
543 1225 569 1274 dt
580 1225 688 1272 Siculum
699 1225 840 1274 exercitum
854 1239 889 1274 ex
899 1236 937 1276 to·

182 1313 215 1354 ta
233 1299 310 1350 insula
328 1301 421 1350 conciri
441 1302 545 1362 videret,
565 1301 591 1350 dr
609 1315 667 1350 cum
684 1301 780 1364 ingenti
796 1293 939 1352 commeatu

190 1377 287 1428 elallenr
307 1378 425 1426 Punicam
441 1378 585 1439 adventare,
608 1392 640 1426 ue
661 1377 729 1426 fimul
746 1379 813 1428 terra
829 1380 939 1444 marique

189 1451 296 1506 inclusus
306 1455 366 1502 urbe
379 1453 484 1502 hostium
496 1464 633 1516 urgeretur,
651 1467 792 1518 quanquam
805 1456 889 1521 impar
895 1469 938 1504 uu·

189 1543 259 1580 mero
277 1530 380 1578 navium
392 1541 452 1592 erat,
471 1530 603 1596 prohibere
614 1529 684 1578 aditu
702 1529 881 1594 Syracusarum
892 1534 936 1580 Bo·

189 1606 316 1656 milcarem
334 1604 468 1655 constituit.
503 1608 566 1656 Duae
586 1605 667 1656 clailca
683 1603 773 1666 infelice
796 1605 862 1655 circa
882 1621 939 1674 pro·

186 1685 346 1739 montorium
364 1684 509 1748 Pachynum
526 1682 627 1744 dabant,
644 1681 688 1730 ubi
706 1681 786 1748 prima
801 1683 938 1748 tranquili-

191 1773 228 1816 tas
239 1762 313 1812 maris
324 1762 349 1813 in
361 1761 439 1811 altum
451 1758 577 1820 evexillet,
593 1759 759 1810 concursura:
784 1763 882 1828 Itaque,
897 1777 937 1812 ca·

192 1839 267 1890 dente
276 1841 329 1904 jam
342 1843 417 1902 Euro,
435 1840 478 1905 qui
496 1853 539 1906 per
556 1839 608 1888 dies
621 1837 716 1904 aliquot
733 1838 854 1901 inierat,
870 1841 940 1907 prior

192 1920 319 1970 Bomilcar
330 1920 429 1970 movit:
448 1919 517 1981 cujus
528 1920 606 1984 prima
624 1916 699 1967 ciaffia
716 1927 801 1984 petere
811 1920 887 1968 altum
899 1917 939 1967 vi·

192 1995 221 2048 sa
233 1999 274 2059 cli,
291 2013 341 2064 quo
352 1998 448 2048 facilius
463 1997 586 2063 superaret
597 1997 807 2062 promuntorium.
824 1999 940 2054 ceterum,

148 2123 151 2134 ,
196 2078 326 2145 postquam
338 2077 438 2128 tendere
457 2075 489 2126 ad
504 2075 528 2126 sc
539 2078 662 2126 Romanas
678 2088 755 2122 naver
772 2073 845 2136 vidit,
861 2076 940 2124 incer·

195 2165 249 2204 tum
261 2157 308 2218 qud
320 2154 400 2205 subita
412 2157 553 2212 territum,
571 2152 693 2220 Bomilcar
705 2151 761 2200 vela
774 2152 799 2200 in
810 2153 889 2200 altum
900 2149 940 2199 de·

186 2232 242 2294 dit,
258 2231 378 2296 mirusque
396 2233 492 2282 nunciis
504 2231 658 2294 Heracleam,
673 2230 716 2294 qui
732 2229 855 2278 onerarias
870 2238 938 2278 retro

194 2309 224 2358 in
245 2307 355 2358 Africam
373 2321 482 2376 repetere
500 2309 622 2372 juberent,
640 2307 700 2375 ipsc,
716 2305 820 2356 Siciliam
838 2315 939 2370 praeter·

196 2386 290 2448 vetius,
308 2390 447 2436 Tarentum
465 2377 536 2451 perit.
569 2387 702 2453 Epicydes,
718 2389 733 2434 a
750 2392 818 2432 tanta
835 2386 935 2449 repente

198 2465 325 2514 destitutus
334 2463 383 2528 spe,
401 2477 431 2510 ne
446 2463 471 2510 in
480 2462 634 2514 obsidionem
643 2479 733 2528 magna
740 2475 773 2511 ex
784 2471 854 2528 parte
863 2469 936 2526 caput

197 2540 266 2592 urbis
278 2537 376 2598 rediret,
394 2540 558 2601 Agrigentum
569 2543 680 2606 navigat,
697 2537 878 2606 exspectaturus
888 2552 935 2588 ma·

198 2617 235 2683 gis
247 2624 374 2674 eventum,
391 2621 463 2680 quam
477 2616 534 2665 inde
545 2619 678 2684 quicquam
689 2627 813 2668 moturus.

231 2694 359 2743 XXVIII.
379 2695 442 2753 Qua
453 2693 496 2742 ubi
508 2693 533 2742 iu
542 2695 618 2744 calira
627 2695 766 2746 Siculorum
777 2693 834 2743 sunt
843 2692 935 2742 nuncia·

198 2781 233 2834 ta,
251 2771 389 2837 Epicydem
400 2771 520 2836 syracusis
532 2771 660 2834 exceffille,
677 2778 692 2821 a
704 2769 937 2835 Karthaginienlibua

199 2849 307 2906 reliiiam
324 2849 434 2912 insulam,
452 2850 476 2898 ἃ
486 2853 563 2917 prope
576 2852 667 2900 iterum
679 2850 798 2898 Romanis
813 2849 920 2898 traditam
928 2864 936 2906 i

201 2933 296 2994 legatos
307 2928 337 2978 de
350 2927 533 2978 conditionibus
543 2927 659 2978 dedeudae
669 2927 744 2987 urbis,
756 2927 883 2992 explorati
891 2925 936 2992 pri·

200 3011 230 3060 iu
246 3021 290 3079 per
301 3006 426 3078 adloquia
442 3006 684 3073 tollutatcearirm,
701 3005 745 3072 qui
761 3003 935 3129 obfidebmnrq

331 3116 334 3120 .
904 3091 919 3129 a
