2126 3642
353 207 523 263 crare
561 203 667 260 ιιιιιν
829 213 879 275 312

121 311 185 362 runt
193 299 301 354 urbem
319 292 465 367 acceptique
478 303 494 348 a
505 297 586 366 plebe,
604 298 686 365 primo
697 293 795 388 impetu
810 297 882 350 locor

124 397 221 446 omnes,
233 389 324 450 prater
333 393 425 442 arcem,
441 391 536 444 cepere.
554 379 646 426 Arcem
662 373 795 442 optimates
810 385 881 426 terre·
886 373 892 392 ⁸

116 462 197 526 bant,
211 469 358 531 praeparato
367 457 421 523 jam
439 459 497 507 ante
513 455 548 505 ad
565 454 641 514 talem
658 452 741 506 calum
755 455 882 523 perfugio.
960 503 963 512 ,

114 537 226 594 Eodem
243 536 429 588 Arillomachue
447 531 572 602 perfugit;
588 543 708 598 tanqum
723 532 813 600 Pteria,
829 547 884 591 noa
986 600 990 610 ‚

127 615 240 682 Brutti-ie,
257 607 346 686 auiior
356 612 425 665 urbis
434 610 561 662 tradendae
575 608 666 661 fuisset.

164 695 213 745 lll.
229 693 294 744 Urbs
311 695 391 742 Croto
404 704 503 740 murum
521 689 547 738 in
562 689 669 739 circuitu
681 697 808 753 patentem
819 687 883 742 duo·

129 771 211 824 decim
227 771 306 822 millia
323 768 437 838 palluum
453 767 548 829 habuit,
565 777 623 816 anre
642 767 732 833 Pyrrhi
742 768 769 818 in
785 768 885 832 ltaliam

124 850 277 903 adventum.
295 849 350 916 post
358 845 498 900 vastitatem
507 861 539 896 eo
548 843 615 894 bello
626 843 772 896 saiiarnvix
782 861 885 914 para
845 846 885 900 di
968 855 978 874 ²

128 930 208 982 midia
219 926 389 980 habitabatur.
405 927 508 990 flumen,
520 923 589 990 quod
599 923 685 982 medio
697 924 792 992 oppilio
803 927 885 978 fluxe

129 1017 179 1066 rat,
196 1017 269 1058 extra
279 1004 420 1072 frequentia
432 1002 503 1054 tetris
520 1002 577 1054 loca
588 1001 783 1072 praeterfluebat.
801 1003 827 1054 δι
838 1017 887 1056 arx

130 1083 249 1152 procul·
233 1097 271 1144 ns,
287 1097 342 1149 qua
352 1081 539 1134 habitabantur.
557 1084 606 1130 Sex
614 1078 693 1130 millia
703 1078 790 1132 aberat
798 1079 831 1130 ab
843 1095 886 1130 ur·

130 1162 167 1214 be
180 1161 262 1212 nobili
274 1161 402 1246 templum,
418 1159 485 1229 (ipsi
496 1157 558 1218 arbe
569 1167 623 1214 erat
634 1157 762 1224 nobilium
778 1158 888 1214 Lacinire

131 1241 249 1308 junonie,
266 1229 375 1292 scirtium
391 1237 510 1290 omnibus
525 1235 591 1288 circi
602 1236 711 1304 populis.
746 1238 829 1288 Lucus
840 1237 887 1302 ibi,

130 1317 255 1414 frequenti
267 1318 327 1371 silvi
335 1319 361 1371 ἃ
372 1317 483 1388 proceris
494 1316 581 1372 abietis
593 1315 725 1396 arboribus
737 1313 827 1384 septus,
844 1315 887 1368 la·-

132 1409 158 1449 ta
169 1399 196 1450 in
207 1396 292 1454 medio
304 1397 395 1468 pascua
411 1395 509 1462 lrabuit,
525 1394 571 1446 ubi
587 1395 668 1446 omnis
674 1387 775 1459 generis
790 1394 888 1448 sacrum

130 1477 195 1528 Dea
206 1413 353 1542 pulceriam
363 1487 439 1542 pecus
450 1471 499 1526 sure
510 1471 562 1522 ullo
575 1471 686 1540 pallore·
703 1469 889 1540 separatimque

130 1552 222 1619 egrelli
232 1551 352 1619 cujusque
363 1553 457 1616 generis
466 1565 555 1619 greges
567 1549 639 1608 anile
647 1552 792 1607 remeabant
801 1552 833 1604 ad
840 1553 888 1604 lla·

132 1631 203 1694 bula,
214 1645 343 1698 nunquam
353 1629 446 1684 insidiis
457 1631 574 1694 ferarum,
585 1647 636 1684 non
645 1630 733 1687 fraude
741 1633 832 1686 violati
840 1632 889 1684 ho-

131 1710 242 1772 minum.
270 1711 360 1775 Magni
371 1711 448 1776 igitur
458 1711 552 1762 lmllur
563 1723 596 1762 ex
608 1725 639 1762 eo
653 1725 743 1778 pecore
756 1713 832 1780 capri,
844 1727 889 1764 eo·

133 1789 272 1856 lumnaque
289 1787 347 1838 inde
363 1803 437 1840 aurea
453 1787 532 1840 solida
549 1785 623 1852 latia,
640 1789 666 1840 ie
678 1787 772 1842 sacrata
783 1789 831 1842 elta
849 1789 890 1844 in·

131 1869 272 1936 clitumque
289 1867 419 1936 tempium,
435 1867 533 1920 divitiis
550 1867 635 1931 ctiam,
652 1870 704 1918 eorl
721 1872 819 1920 tanturn
833 1867 889 1921 san·

133 1947 227 2010 altare,
243 1946 312 1999 luit„
338 1949 378 1999 Ac
391 1948 513 2002 miracula
529 1947 612 2014 aliqua
618 1944 772 2012 affinguntur
782 1945 892 2014 plenum·

133 2040 185 2094 que
196 2036 249 2078 tam
257 2024 391 2092 insignibus
402 2024 474 2078 locis.
493 2027 571 2078 Fama
584 2026 628 2091 eli,
636 2038 707 2078 aram
719 2021 765 2078 effe
778 2025 806 2076 iu
816 2026 892 2080 velit·

133 2103 197 2156 bulo
206 2103 301 2172 templi,
313 2105 386 2169 cujus
395 2103 508 2156 cinerem
518 2101 589 2155 nullo
597 2117 708 2170 unquam
720 2103 891 2161 moreriren·
964 2135 967 2140 -

131 2191 173 2236 to.
207 2181 254 2234 sed
265 2187 323 2236 ‘arx‘
332 2184 460 2248 Crotonis,
475 2185 525 2234 uni
537 2193 608 2251 parte
618 2181 749 2236 imminens
760 2181 832 2248 mari,
846 2183 889 2240 ¹ai·

133 2261 187 2316 teri
201 2273 321 2329 vergente
331 2261 359 2314 in
369 2277 468 2329 agrum,
475 2263 522 2314 litu
533 2267 632 2314 tantum
641 2262 747 2316 naturali
758 2257 887 2330 querelari

132 2342 240 2406 munita,
258 2341 340 2409 polica
351 2341 377 2393 ie
387 2357 462 2394 muro
468 2343 551 2394 cintia
561 2342 604 2408 cll,
620 2343 670 2410 qui
681 2353 724 2409 per
735 2339 836 2394 aversae
845 2355 890 2398 ru-

134 2431 180 2488 pes
190 2419 224 2469 ab
236 2417 360 2486 Dionylio
371 2419 459 2472 Sicilia
474 2429 584 2488 tyranno
602 2434 647 2488 per
656 2419 743 2474 dolum
754 2417 837 2474 fuerat
847 2435 893 2476 ca·

132 2505 191 2565 pta.
225 2496 288 2546 Eam
307 2505 364 2546 trun
384 2508 478 2562 arcem,
500 2495 566 2561 satis,
589 2506 618 2547 ut
640 2495 785 2559 ridebatur,
802 2505 892 2561 urtarn,

136 2570 313 2635 Crotoniatum
330 2573 466 2641 optimates
481 2574 610 2645 terrebant,
629 2572 894 2626 'circumsedentecum

134 2647 241 2702 iiruttiir
253 2661 295 2702 eoa
306 2649 382 2704 etiarn
392 2651 468 2720 plebe
480 2651 531 2704 lui
557 2651 685 2706 Palinemb
695 2653 794 2717 Bruttii,
812 2667 893 2720 quum

134 2725 186 2784 ssus
205 2725 302 2781 ritibur
320 2730 543 2800 inexpugnabilem
561 2728 678 2794 riderent
696 2745 789 2798 arcem,
811 2729 894 2786 coaiii

133 2805 284 2873 necestitate,
296 2809 431 2860 §hunonis
442 2809 566 2862 auxilium
576 2807 721 2880 implorant.
756 2813 789 2876 lt,
802 2809 893 2866 concli-

133 2885 248 2938 tionibue
264 2886 297 2938 ad
312 2887 469 2941 deditionem
480 2889 637 2958 compellere
644 2887 804 2942 crotoniatae
814 2903 893 2942 cona·

128 2969 186 3028 'tua
202 2973 231 3015 ut
242 2965 370 3018 coloniam
385 2968 540 3020 Bruttiorum
552 2973 583 3018 eb
597 2965 695 3032 deduci,
711 2967 894 3033 antiquamque

131 3040 306 3111 frequentiam
316 3059 406 3104 eorum
415 3047 526 3116 recipere
537 3046 632 3112 vallam
647 3043 810 3112 aedricrum
820 3043 892 3094 bellic

151 3121 235 3196 1⁰¹¹.
251 3121 292 3182 ῙῙι
515 3123 541 3193 E
800 3103 892 3188 ΨΜ
