2062 3640
188 218 240 268 aro
451 199 680 258 T-lell

183 295 234 344 tius
245 290 344 360 insuper
354 289 458 344 advenit
468 291 553 357 hodia,
570 291 645 346 ducet
654 293 723 346 Poeni
734 295 840 352 assecuti
848 299 884 351 ab
899 311 958 354 cer.

182 385 218 436 go
232 371 284 434 jam
301 380 452 436 pugnantes:
469 369 607 440 ancepsque
622 371 736 440 pretium
748 377 885 428 Romanoa
900 383 955 430 cir·

181 447 344 510 ιιιιιῐιιιιιιι,
370 446 478 500 incertos
505 449 531 498 in
558 461 632 516 quem
658 449 813 516 potiffimum
838 455 955 518 hostem,

182 541 291 593 quamn
303 527 329 576 in
340 537 433 596 partem
445 527 553 579 conferti
565 529 721 596 eruptionem
731 529 860 602 ¹iacerent.
899 537 953 584 Pu·

137 594 140 600 ’
180 606 268 672 guanti
281 605 602 676 hortantiquqimperatori,
618 608 644 658 ἃ
655 607 771 659 offerenti
784 605 809 659 se
827 612 875 662 ubi
887 613 951 684 plu·

181 683 259 736 timue
274 684 348 736 labor
360 695 421 750 erat,
439 686 503 736 latua
515 684 632 736 dextrum
644 687 728 736 lancea
739 688 881 751 trajicitur:
902 707 950 742 eu·

180 762 292 830 anusque
303 765 324 814 ia
335 765 454 830 hornum,
470 765 514 830 qui
531 765 558 814 in
568 765 696 817 consertor
710 765 777 816 eirea
789 765 883 818 ducem
898 769 948 819 im·

181 853 270 912 petum
280 841 381 908 fecerat,
397 853 426 894 ut
436 844 575 894 exanimem
586 844 711 894 labentem
722 859 755 896 ex
767 858 836 912 equo
848 847 948 916 scipio

181 935 242 974 nun
251 922 327 986 vidit,
343 923 436 973 alacres
446 921 540 987 gaudio
550 935 607 972 cum
619 922 728 972 clamore
737 937 783 990 pcr
795 933 876 974 totam
889 925 946 974 aci·

181 1015 224 1050 em
235 1002 380 1054 nunciantes
391 999 539 1068 discurrunt,
551 999 727 1066 imperatorem
739 1003 886 1052 Romanum
901 1019 945 1052 ce-

181 1075 275 1130 ddisse
311 1081 371 1130 Haec
383 1087 516 1144 pervagata
528 1075 612 1144 patlim
621 1091 685 1142 vox,
702 1087 731 1127 ut
742 1078 768 1127 tc
780 1079 861 1129 hollee
869 1079 943 1132 haud

180 1156 257 1208 dubie
271 1173 318 1226 pro
332 1155 476 1221 vilioribua,
494 1157 519 1207 n
531 1157 638 1208 Romani
650 1171 698 1224 pro
711 1155 787 1206 vidis
798 1156 884 1220 ell'ent,
902 1160 941 1210 le·

107 1241 111 1252 ’
181 1235 228 1286 eit.
261 1237 331 1300 Fuga
349 1233 478 1286 conlellim
494 1247 527 1284 ex
544 1235 606 1297 acie,
622 1233 686 1286 duee
703 1233 799 1297 amisso,
820 1235 874 1286 fieri
888 1252 940 1287 αι·

181 1310 277 1399 ptaell.
295 1315 406 1362 ceterum
420 1321 449 1360 ut
458 1309 490 1358 ad
504 1309 701 1376 erumpendum'
695 1322 759 1361 mter
768 1312 891 1364 Numidas
903 1314 940 1362 le·

180 1387 302 1451 viamque
312 1401 439 1438 armorum
458 1387 505 1438 alla
517 1387 613 1437 auxilia
627 1387 694 1438 haud
704 1387 810 1439 difficilis
820 1405 859 1440 res
869 1401 940 1455 erat,

181 1462 335 1530 itacffugere
349 1475 447 1516 tantum
455 1465 575 1532 equitum,
593 1468 792 1533 aequantiumque
804 1481 881 1534 equos
890 1484 937 1518 ve-

180 1539 282 1593 incitate
294 1541 415 1612 peditum,
431 1543 480 1593 vix
497 1553 627 1611 poterant:
644 1543 746 1610 caefique
761 1548 840 1612 prope
854 1546 938 1612 pluret

180 1613 207 1672 in
224 1620 291 1688 iuga,
307 1621 404 1688 quam'
398 1637 424 1670 m
443 1635 534 1709 pugna,
555 1620 619 1672 sunt.
637 1637 681 1672 nec
698 1619 851 1688 supersuillet
866 1623 936 1690 quis·

179 1714 264 1767 quam,
281 1699 308 1750 ni
324 1700 445 1770 praecipiti
454 1700 509 1764 jam
520 1697 551 1750 ad
563 1697 694 1767 vesperum
706 1699 746 1750 die
756 1713 811 1786 nox
823 1701 934 1752 interve·

182 1775 263 1831 uill'et.

214 1857 327 1908 XXXV.
344 1854 418 1906 Haud
433 1853 539 1922 segniter
553 1853 609 1905 inde
624 1852 698 1904 duces
709 1854 779 1904 Poeni
793 1854 891 1906 formna
901 1871 933 1907 u·
1010 1845 1011 1900 l

179 1933 207 1999 n,
225 1932 352 1988 contentm
366 1933 485 2001 eprnelio,
504 1947 551 1982 vra
562 1931 691 1982 necetsana
703 1934 786 1998 quiete
801 1933 855 1984 dati
865 1935 932 1984 malr
1009 1927 1010 1987 l

180 2015 257 2079 tibur,
273 2012 305 2064 ad
321 2011 497 2064 Hasdrubalem
516 2011 662 2062 Hamilcaris
675 2011 781 2060 citatum
795 2023 944 2076 agmenra·
1008 2025 1009 2076 ι

68 2147 70 2156 ¹
148 2103 152 2108 .
178 2094 262 2162 Pium
286 2105 338 2143 non
355 2089 431 2142 dubit
450 2088 492 2158 spe
511 2105 589 2157 quum
606 2087 684 2154 jundli
705 2086 790 2153 ellent,
815 2087 929 2140 debellari
1007 2091 1008 2162 l

181 2169 258 2240 polle.
294 2171 354 2234 Qud
364 2170 408 2220 ubi
420 2169 453 2219 cll
464 2181 578 2232 ventum,
596 2169 660 2218 mter
669 2168 792 2218 exercetur
800 2165 930 2234 ducesque,
1006 2173 1007 2250 l

178 2247 287 2301 vidoril
298 2247 391 2297 recenti
402 2247 479 2308 latos,
495 2207 628 2312 gratulatio
640 2247 725 2312 ingene
736 2244 806 2307 fasta,
821 2246 930 2312 impera·
959 2250 964 2262 “

179 2335 236 2377 tone
250 2334 321 2375 tanto
339 2339 396 2374 cum
412 2323 481 2374 omni
495 2324 610 2374 exercitu
624 2323 713 2388 deleto,
730 2323 754 2372 dr
768 2320 867 2370 alteram
879 2333 930 2390 pro

178 2405 247 2458 haud
263 2403 341 2454 dubio
358 2418 443 2470 parem
460 2401 591 2454 villoriatn
608 2401 782 2471 exspectantes.
818 2398 857 2450 Ad
870 2403 924 2453 Ro·

178 2495 266 2534 manoe
279 2479 388 2530 nondum
403 2479 503 2544 quidem
516 2478 582 2530 lama
593 2491 668 2532 tantae
683 2481 757 2531 cladis
773 2490 924 2546 pervenerat,

178 2557 221 2609 sed
233 2555 345 2607 moestum
356 2553 480 2620 quoddam
491 2555 613 2608 silentium
624 2569 686 2622 erat,
704 2559 729 2610 de
741 2559 816 2607 tacita
831 2554 924 2607 divina·

178 2636 234 2694 tio,
252 2629 350 2700 qualis
339 2647 393 2697 gam
405 2627 604 2710 presagientibus
615 2637 704 2686 animia
715 2633 864 2686 imminentis
872 2647 924 2682 nra·
951 2633 956 2638 “

177 2703 254 2766 lielle
265 2710 335 2761 solet.
365 2714 503 2780 Imperator
519 2711 579 2782 ipsc,
596 2717 757 2782 preterquam
768 2711 836 2780 quod
846 2712 874 2762 ab
882 2709 922 2762 so·

178 2793 224 2848 ciis
235 2789 259 2841 le
271 2788 401 2856 desertum,
417 2790 523 2866 boillum
535 2798 633 2843 tantum
644 2793 731 2854 'antias
744 2793 830 2860 copias
841 2789 922 2842 sentie-

178 2874 230 2938 bat,
248 2869 388 2942 conjedluri
402 2859 479 2923 etiam
490 2874 516 2923 na
528 2874 626 2924 ratione
637 2871 667 2923 ad
682 2869 848 2941 suspicionem
855 2885 920 2920 acce·

179 2963 229 3024 ptae
238 2949 319 3014 cladis,
337 2955 412 3042 quam
423 2949 455 3001 ad
471 2951 546 3002 ullam
557 2951 649 3001 bonam
659 2949 736 3017 spem,
753 2964 856 3018 promor
862 2959 919 3000 erat

68 3091 71 3096 g
102 3021 119 3057 s
179 3032 280 3138 Qum
286 3029 351 3084 mn
367 3029 424 3084 enine
435 3027 590 3097 liesdalolem
606 3045 632 3084 ac
647 3029 781 3100 Mogontia,
798 3027 839 3128 ιιι
849 3027 920 3147 def&
