2076 3612
71 176 77 186 '
164 201 212 256 cow
424 200 650 252 T.1.1v11

111 349 114 358 .
149 286 316 352 consuimus,
334 290 459 352 Samnites,
476 291 518 341 scu
535 289 619 352 finem,
637 287 678 337 seu
690 286 838 338 dilationem
855 285 922 338 belli

165 376 310 430 querentes,
327 366 421 430 legatos
441 367 471 417 de
492 383 551 432 pace
572 363 794 417 Romam'ruisere.
824 367 923 432 quibua

166 439 310 509 suppliciter
320 445 449 507 agentibus
463 443 606 512 responsum
617 443 659 507 cll,
675 443 776 509 nnfisaepe
785 441 865 494 berum
872 457 923 510 pa-

164 529 239 569 cantes
254 531 329 586 pacem
345 520 444 587 pctsffcnt
456 524 572 585 Samnites,
589 522 683 572 oratione
697 523 754 572 uno
769 523 866 590 citroque
877 523 922 573 ba·

165 593 220 662 tica,
237 597 263 646 dc
275 610 332 664 pace
348 599 436 666 transfigi
445 599 541 666 pntnff.
567 615 629 662 nnnc,
646 601 726 666 qnando
737 598 806 649 verba
817 617 878 650 unna
889 601 922 650 ad

164 673 190 722 r‘d
199 675 291 724 locorum
297 677 392 740 suerint,
409 675 577 741 rcbnsstandum
588 677 633 744 effe.
660 680 690 726 P.
704 678 856 744 Sempronium
867 695 920 728 crn-

160 753 232 821 {ulem
250 769 298 802 cum
318 757 411 805 exercitu
426 754 497 821 breui·
506 757 529 804 r'n
542 758 627 805 Samnio
633 757 705 820 fore:
722 773 779 820 cum,
796 757 826 805 nd
838 754 921 806 ballum

162 839 267 895 pacemne
277 829 377 881 inclinent
387 833 463 895 animi,
474 833 530 896 falli
540 848 580 881 nnn
590 831 663 899 pnffe:
680 841 788 898 compertu
799 834 873 881 amnia
878 835 918 898 se-
961 887 964 895 ·
1023 861 1024 894 q

165 907 226 956 nutui
242 907 378 958 relaturum:
395 910 527 960 decedentem
547 926 572 959 εκ
590 911 677 958 Samnio
688 909 790 975 consulem
801 910 918 976 legatise-

166 993 287 1050 querentur.
306 989 345 1038 Eo
356 1004 422 1050 anno
433 1003 510 1052 quum
528 997 642 1052 pacatum
653 987 777 1036 Samnium
788 989 917 1037 exercitus

166 1067 303 1128 Romanus,
328 1067 434 1132 benigne
452 1068 557 1134 praebito
581 1076 730 1128 commeatu,
756 1064 914 1130 peragrasset,

167 1142 245 1194 soedus
256 1145 385 1210 antiquum
396 1145 544 1196 Samnitibus
555 1137 687 1193 redditum·
722 1142 763 1192 Ad
772 1145 866 1207 AEqnos
874 1145 915 1192 in.

166 1220 198 1270 cle
210 1232 305 1271 veteres
318 1223 405 1285 hostes,
423 1227 533 1272 ceterum
545 1237 589 1289 per
608 1223 699 1275 mriltos
713 1235 790 1270 annos
801 1219 845 1286 sub
857 1219 913 1287 spc-

167 1298 205 1348 cie
219 1297 302 1348 infido
320 1299 386 1364 pacis
404 1301 508 1364 quietos,
527 1299 677 1349 verlaarma
688 1302 817 1352 Romana:
835 1300 914 1362 quud,

166 1377 286 1426 incolumi
297 1380 406 1428 Hernico
419 1377 528 1442 nomine,
546 1378 722 1428 missrtaveraut
734 1376 802 1426 simul
814 1391 871 1424 cum
884 1377 915 1424 iis

166 1455 269 1506 Samniti
280 1457 373 1506 auxilia
380 1457 390 1517 ';
410 1457 442 1516 u,
461 1457 514 1524 post
529 1458 649 1508 Hernicos
661 1455 780 1518 subustos,
796 1453 915 1504 universa

166 1534 244 1600 prope
255 1547 322 1596 gens,
333 1531 380 1583 line
392 1532 580 1585 dissimulatione
600 1533 692 1586 consilii
704 1533 806 1600 publici,
823 1531 855 1581 ad
866 1533 914 1581 ho·

165 1611 211 1662 sict
222 1608 375 1660 desciverat:
394 1612 567 1680 &postquam
584 1613 633 1662 isto
647 1617 734 1663 Romae
745 1625 803 1660 cum
818 1609 913 1658 Samni-

166 1689 233 1740 tibus
244 1687 341 1753 foedcre,
359 1681 459 1741 feciales
477 1701 642 1742 venerantres
652 1691 793 1758 repetitum,
810 1691 912 1738 tentatis·

165 1783 214 1817 nem
225 1767 324 1818 aiebant
342 1766 388 1835 effe,
405 1779 437 1832 nt,
454 1779 536 1820 terrare
554 1768 627 1835 incusso
641 1767 700 1831 letti,
716 1769 822 1816 Romanos
828 1765 913 1832 scfirri

164 1853 308 1912 paterentur:
325 1847 380 1913 quod
398 1856 524 1916 quantopere
543 1845 658 1914 optandum
666 1847 740 1910 fatet,
757 1844 861 1894 Hermcns
874 1843 913 1892 aa·

165 1922 242 1988 cuiffc:
259 1940 331 1991 quam,
348 1924 420 1992 quibus
432 1922 850 1992 licuerit,snaslegerlinmcnaecr‘nitatr'
857 1933 913 1988 pra-
932 1919 933 1922 ’
1023 1893 1024 1932 1

165 2004 307 2068 aptaverint:
330 2002 402 2071 quibas
417 2003 507 2071 legendi,
523 2003 575 2068 quid
592 2002 686 2062 mallent,
703 2001 764 2064 copia
777 2016 817 2048 non
831 1998 913 2062 suerit,

164 2092 216 2147 pro'
222 2093 288 2148 pena
306 2081 439 2148 neccfflnriam
451 2081 563 2128 civitatem
569 2079 630 2142 fore.
666 2075 707 2124 ob
722 2078 775 2124 haec
792 2077 869 2137 vulgb
886 2077 914 2126 in

166 2159 278 2210 conciliis
284 2152 385 2220 jusiaco,
401 2155 507 2221 populus
521 2157 647 2203 Romanus
659 2151 750 2199 bellum
761 2149 814 2198 ficri
826 2151 913 2213 AEquic

163 2235 247 2299 juffit:
265 2231 424 2296 consulesque
441 2231 524 2293 ambo,
542 2229 572 2278 ad
588 2243 683 2278 novum
694 2225 797 2294 proscsii
809 2226 912 2291 bellum,

83 2338 87 2343 ·
166 2321 276 2378 quatuor
291 2307 398 2358 millibus
418 2307 529 2356 {a-caslris
541 2304 645 2354 hoslium
660 2300 832 2354 consederunt.
867 2305 912 2354 AE·

166 2403 273 2454 quorum
285 2385 416 2456 exercitus,
434 2387 471 2448 (ut
488 2385 531 2450 qui
542 2381 586 2432 suo
598 2380 698 2434 nominc
711 2381 855 2447 permultos
866 2397 912 2432 an·

164 2481 210 2518 nos
222 2463 331 2514 imbelles
342 2459 452 2528 egissent)
470 2459 632 2512 tumiiltnario
645 2457 735 2524 fimilis,
748 2459 796 2510 sme
807 2459 912 2512 (lucibus

165 2543 246 2600 certis,
262 2540 311 2590 fine
331 2541 445 2606 imperio,
463 2539 594 2607 trepidare.
612 2539 655 2588 alii
670 2539 812 2590 excundum
823 2541 849 2590 in
860 2541 918 2590 aci.

165 2637 214 2683 ern,
231 2619 273 2668 alii
285 2617 359 2668 casleu
376 2617 468 2668 tuenda
485 2617 601 2670 censent:
618 2631 707 2670 movet
723 2619 852 2687 plerosque
866 2635 913 2676 na·

164 2697 236 2750 slatio
247 2695 330 2746 scitura
341 2693 468 2760 aginnum,
484 2713 514 2746 ac
531 2696 646 2765 deinceps
658 2713 715 2747 cum
726 2698 822 2748 levibus
832 2695 913 2764 prufl-

165 2775 211 2826 diis
223 2773 323 2822 urbium
335 2773 472 2824 eclisiarum
481 2774 589 2824 excidia.
624 2778 720 2841 Itaque,
737 2775 865 2842 postquam
876 2774 915 2824 in-

165 2863 203 2908 ter
214 2851 303 2902 multas
312 2848 506 2915 sententiarum,
524 2859 586 2919 quae,
603 2853 692 2904 omissi
701 2852 758 2902 cura
771 2852 913 2902 communi-

69 2977 73 2982 .
164 2942 217 2990 um,
235 2928 266 2979 ad
282 2926 417 2994 respctlurn
435 2929 533 2980 suarum
554 2945 675 2996 quemque
693 2944 773 2979 rerum
793 2927 912 2994 vertisset,

118 3079 122 3085 1
164 3005 266 3071 auditaq
282 3015 312 3056 ut
326 3007 504 3082 primavigilib
514 3005 624 3062 divexus
634 3004 912 3094 caslrisaddepottaucla

267 3097 272 3100 '
785 3103 791 3112 ⁷
825 3095 910 3136 omma
