2062 3640
324 205 629 262 uruat-xxvi
804 205 880 274 lu-

95 301 173 360 mati
183 301 281 363 aditus}
298 299 340 354 sed
357 299 481 352 assidendo
497 299 590 350 diutius
600 298 719 351 artiorem
732 312 860 352 annonam

105 380 193 445 sociis,
210 385 284 446 quarn
295 379 369 443 hosti,
385 377 501 428 faciebat.
518 393 571 428 nou
584 379 651 430 enirn
662 383 761 430 tautum
772 376 861 428 subve-

106 458 139 520 hi
150 453 281 528 oppidanis
293 473 337 527 per
349 467 438 526 pacata
447 457 533 508 littora
544 455 692 524 apertosque
701 465 788 524 portua
799 469 861 523 prae·
874 522 877 528 Ι

104 535 174 589 sidio
190 540 294 590 navium
312 537 462 586 Punicarum
480 544 585 602 poterat,
605 545 726 602 quantum
742 533 864 586 frumenti
885 595 887 598 Ι

103 614 188 668 uatus
199 615 251 683 ipsa
269 615 343 668 turbt
359 615 443 676 navali
457 613 539 664 mixta
556 629 589 664 ex
600 614 669 666 omni
681 628 770 678 genere
780 612 864 664 homi-
883 670 886 676 ,

108 705 173 744 uum
184 693 340 744 absumebat.
351 703 387 744 .ut
403 692 466 742 ateis
481 683 622 758 'presidium
639 690 716 742 etiem
729 690 779 742 fine
790 690 864 743 inre·

106 765 159 818 tto'
173 769 243 836 (quia
261 770 333 837 pauci
351 769 430 830 erant)
450 782 483 818 ex
502 769 560 818 ante
579 777 717 836 praepatato
736 764 864 820 sustentari

105 837 205 913 pollet,
225 846 370 914 Tarentinis
379 837 497 909 clasbque¹
505 858 535 892 ne
548 843 675 894 inveilum
686 841 787 910 quidem
797 844 862 898 suffi-

109 923 188 974 ceret.
224 923 339 976 Tandem
357 922 453 987 majore
468 921 555 985 gratia,
572 926 647 987 quim
658 932 770 987 venerat,
787 921 881 981 elallit,

110 999 207 1052 dimissa
219 1001 261 1050 esl.
278 1016 378 1062 annona
390 999 456 1050 haud
466 998 574 1048 multum
587 998 733 1050 laxaverat:
749 998 817 1066 quia,
825 1013 863 1052 te-

110 1088 187 1128 moto
197 1079 322 1138 maritimo
334 1075 454 1145 praefidio,
471 1073 577 1124 subvehi
588 1075 742 1128 frumentum
752 1089 805 1128 uon
816 1075 864 1144 pu·]
923 1090 926 1108 ’

111 1164 190 1208 terat.

148 1215 222 1294 XX'I.
240 1229 355 1296 Ejusdem
364 1229 451 1280 aestatis
467 1229 547 1294 exitu,
564 1231 604 1279 M.
614 1227 746 1282 Marcellus
757 1243 791 1282 ex
802 1231 864 1284 sici-

110 1308 147 1362 lia
158 1311 291 1376 provincia
302 1325 380 1376 quum
391 1307 422 1360 ad
434 1308 522 1358 urbem
533 1305 644 1372 venisset,
654 1315 671 1362 a
682 1313 711 1366 C.
726 1310 865 1380 Calpurnio
900 1340 902 1348 s

108 1391 219 1458 praetore
238 1389 337 1440 senatus
356 1387 380 1436 ei
400 1387 431 1437 ad
450 1387 527 1438 aedem
545 1387 651 1439 Bellona
667 1386 739 1444 datus
756 1390 800 1444 eil.
825 1391 864 1442 ibi
895 1401 899 1408 ·

109 1482 190 1532 quum
207 1467 238 1516 de
256 1469 328 1518 rebus
345 1471 360 1516 a
377 1464 402 1516 se
417 1465 488 1530 gellis
499 1462 650 1530 disseruisset,
668 1468 764 1535 questus
774 1469 866 1522 leuiter

112 1559 165 1594 non
185 1543 254 1594 suam
271 1544 359 1607 magia,
382 1548 455 1609 quam
472 1544 590 1606 militum,
610 1545 702 1610 vicem,
718 1545 785 1613 qued
802 1564 863 1616 pro.

63 1655 68 1660 -
113 1623 199 1674 vineta
210 1621 321 1672 consedit
332 1622 470 1672 exercitum
482 1621 612 1694 deportare
624 1637 675 1688 uon
685 1624 798 1690 licuisset,
814 1643 863 1695 po·

112 1700 223 1764 slusavit,
240 1711 268 1750 ut
287 1700 450 1768 triumphanti
467 1699 555 1750 urbem
573 1701 636 1750 inire
653 1701 748 1754 liceret.
766 1702 792 1754 id
807 1709 884 1758 nort*
912 1695 916 1708 ’

110 1779 264 1848 impetravit.
276 1777 361 1845 Quum
371 1779 453 1830 multis
463 1779 545 1829 verbis
554 1778 636 1842 atium
646 1780 712 1846 esset,
720 1787 804 1832 utrum
812 1785 863 1836 mi·
878 1781 880 1785 ’

110 1863 158 1912 nus
169 1857 325 1921 conveniret,
344 1855 415 1920 eujus
426 1857 527 1907 nomine
538 1855 653 1922 absentia,
670 1858 705 1910 ob
713 1873 751 1908 rea
759 1859 863 1928 prospe.

110 1953 137 1994 re
149 1936 223 1988 duilu
234 1936 290 2000 ejus
300 1935 385 2000 gestas,
402 1933 552 2002 supplicatio
568 1933 667 1985 decreta
677 1935 752 2001 soret,
770 1937 795 1989 a
806 1940 866 2000 Diis

109 2014 293 2066 immortalibus
304 2013 404 2064 habitur
416 2013 506 2074 bonos,
515 2013 539 2062 ei
551 2011 663 2080 prasenti
674 2027 764 2078 negare
773 2015 862 2068 trium.

109 2093 203 2162 phuni:
221 2108 262 2156 au,
280 2106 355 2158 quem
373 2087 469 2142 tradere
485 2090 625 2140 exercitum
643 2088 772 2142 successori
781 2091 862 2157 jusus·
892 2084 902 2093 ”

109 2168 173 2234 sent,
191 2167 466 2234 (quod,.nis1manente
481 2165 508 2216 in
518 2167 653 2234 provincia
662 2165 738 2234 bello,
754 2184 806 2220 uon
817 2169 862 2222 de·

108 2251 260 2314 cerneretur)
271 2263 329 2298 eum
340 2243 407 2313 quasi
420 2244 544 2298 debellato
555 2245 718 2318 triumphare,
730 2263 808 2315 quum
817 2264 861 2304 ex.
948 2249 957 2264 ·

109 2328 208 2390 ercitus,
227 2327 291 2377 testie
302 2325 385 2376 meriti
397 2336 472 2392 atque
484 2324 603 2376 immeriti
614 2324 744 2392 triumphi,
755 2327 861 2394 abessetp
891 2354 896 2360 ,

110 2403 221 2452 medium
233 2401 323 2466 visum,
335 2413 363 2452 nt
374 2418 454 2457 ovano
465 2402 553 2454 urbem
564 2401 649 2454 iniret.
684 2403 795 2456 Tribuni
805 2407 860 2474 ple·

110 2481 150 2529 bia
161 2493 194 2528 ex
204 2479 350 2530 austoritate
362 2483 458 2533 senatus
469 2483 500 2534 ad
513 2483 633 2551 populum
644 2481 764 2546 tulerunt,
778 2495 807 2536 ut
817 2487 863 2539 M.

110 2555 242 2619 blamello,
259 2571 311 2623 quo
325 2558 366 2608 die
381 2561 467 2612 urbem
485 2568 564 2614 o‘vana
576 2563 666 2626 iniret,¹
677 2561 811 2631 imperium
822 2564 861 2618 es·

110 2635 155 2688 set.
174 2631 264 2696 Pridie,
280 2639 355 2698 quim
366 2635 453 2686 urbem
462 2639 545 2705 iniret,
562 2641 588 2690 in
604 2641 803 2710 montealbano
814 2644 861 2696 tri·
937 2691 943 2705 ,

109 2711 252 2780 umpbavit.
270 2709 327 2762 iude
342 2727 421 2762 ovans
434 2715 539 2766 multam
552 2733 602 2786 prae
615 2717 641 2768 se
658 2709 764 2786 predam
779 2723 805 2772 in
817 2737 860 2776 ur·-
899 2769 905 2776 s

110 2791 168 2844 bem
184 2789 277 2840 intulit.
313 2791 378 2838 Cum
389 2788 518 2842 simulacro
532 2805 660 2862 eaptusum
673 2799 861 2868 Syracusarum,

110 2869 244 2936 catapulta
254 2867 410 2934 ballistaque,
428 2867 515 2920 &alia
529 2873 614 2925 omniu
628 2875 788 2937 instrumenta
798 2877 860 2932 belli

109 2943 168 3008 iata,
185 2945 210 2996 dt
221 2945 288 3013 pacit
301 2944 423 2994 diuturna
433 2946 554 3012 regiaque
563 2949 693 3016 opulentia
701 2965 863 3023 ornamenta,

107 3025 205 3093 argenti
215 3023 319 3104 erisque
332 3023 459 3080 sabresadli
470 3025 520 3096 vie,
534 3025 585 3080 alia
601 3027 722 3100 supellex,
735 3032 863 3106 pretiosa-

117 3153 120 3162 .
804 3121 857 3184 que
903 3110 909 3123 ‘
