2058 3642
368 196 538 250 LIBER
572 194 689 246 XXVII.
797 238 800 244 .
849 205 897 254 535

151 301 213 354 rum,
232 287 297 356 quod
309 290 335 338 in
349 287 496 338 Armilustro
507 286 629 353 lapidibus
641 284 723 336 visum
735 283 827 352 pluere.
853 284 899 332 Li·

152 370 249 418 beratas
268 367 389 431 religione
406 373 500 416 mentes
520 364 632 414 turbavit
648 362 730 412 rursus
747 362 901 423 nunciatum,

152 447 287 496 Frusinone
300 445 419 495 infantem
431 455 516 494 natum
532 441 579 491 esse
596 441 726 506 quadrimo
739 455 837 510 parem:
854 452 909 498 nec¹

153 523 326 586 magnitudine
343 533 394 572 tarn
411 520 560 582 mirandum,
579 523 653 584 qudm
670 517 737 583 quod
756 519 775 567 is
792 530 904 583 quoque,

94 630 97 640 ι
152 610 182 650 ut
191 598 303 650 Sinuessa
314 600 416 650 biennio
425 602 488 662 ante,
507 599 623 658 incutite,
640 610 693 644 mas
713 595 848 645 arsemina
862 593 902 643 es,

136 695 137 702 ¹
152 673 198 737 set,
216 687 288 726 natus
299 687 360 726 erat.
396 675 426 725 Id
439 679 501 724 vero
514 672 645 739 aruspices,
663 685 695 722 ert
706 673 806 722 Etruria
820 671 903 732 acciti,

152 751 246 804 soedum
257 771 287 804 ac
299 765 370 821 turpe
383 752 524 820 prodigirnn
536 751 627 800 dicere.
645 759 769 800 extorrem
778 765 839 814 agro
849 752 905 800 Ro·

84 855 86 858 ·
151 846 237 896 mano,
255 835 343 900 procul
359 843 432 894 terrae
447 829 570 893 coutailu,
587 827 639 878 alto
650 829 819 892 mergendum.
854 830 902 880 Vi·
964 848 967 856 ·

152 925 215 960 vum
227 912 253 960 in
264 927 346 960 arcam
358 909 497 972 condidere,
518 907 713 974 provedumquc
725 909 750 957 in
764 912 833 957 ma‘re
842 924 902 975 pro·

149 988 273 1054 jecerunt.
308 993 449 1040 Decrevere
466 989 526 1036 item
545 986 682 1054 pontifices,
700 996 729 1035 ut
744 987 853 1050 virgines
864 998 905 1038 ter

151 1081 267 1132 novenae,
293 1083 338 1135 per
362 1066 450 1118 urbem
476 1067 570 1126 euntes,
595 1079 693 1114 carmen
713 1075 838 1114 canerent.
872 1063 903 1115 ld

149 1161 232 1214 quum
240 1147 268 1198 iu
279 1147 354 1212 Jovir
362 1146 464 1207 Statoris
475 1143 527 1195 ude
534 1142 661 1206 discerent,
679 1142 806 1193 conditum
815 1145 847 1194 ab
858 1145 904 1194 Li·

151 1220 198 1276 vio
214 1229 299 1294 podta,
314 1222 506 1289 carmensrada
522 1223 553 1273 de
569 1221 632 1272 eoelo
649 1221 711 1272 aedes
728 1222 755 1272 in
773 1224 905 1276 Aventino

148 1306 257 1371 junonis
268 1306 380 1369 Reginae„
398 1303 591 1371 prodigiumque
600 1299 629 1350 id
644 1300 675 1350 ad
688 1311 814 1353 matronas
825 1305 905 1370 pcrti-
970 1316 974 1322 ·

149 1395 217 1444 nere,
231 1381 357 1450 aruspices
374 1397 452 1450 quum
470 1379 654 1448 respondissent,
673 1378 791 1447 donoque
807 1383 904 1434 Divar'n

149 1460 296 1535 placandam
310 1460 373 1524 esse3
390 1460 499 1512 edilium
513 1459 636 1510 curulium
652 1458 731 1510 edero
744 1462 769 1510 in
781 1450 903 1530 Capitoli.

148 1553 192 1588 um
203 1549 360 1602 convocatu,
376 1541 466 1604 qulbus
478 1541 503 1589 in
518 1539 581 1589 urbe
594 1542 716 1601 Romana,
735 1539 848 1607 intraque
859 1541 903 1592 de·

150 1617 245 1666 cimum
261 1615 369 1682 lapidem
386 1617 419 1666 ab
430 1617 501 1679 urbe,
518 1617 646 1666 domicilia
663 1617 746 1680 esseut,
764 1618 823 1684 ipsae
837 1621 904 1670 iuter

149 1692 177 1744 se
188 1692 299 1758 quinque
314 1693 339 1742 dt
351 1693 444 1756 viginti
460 1694 613 1756 delegerunt,
631 1694 662 1742 ad
674 1708 735 1756 quas
752 1709 784 1743 ex
801 1694 903 1749 dotibue

100 1828 104 1840 .
149 1769 238 1836 slipem
256 1769 415 1819 conferrentf
444 1769 506 1820 Inde
524 1767 617 1818 donum
634 1770 714 1835 pelvis
734 1786 808 1822 aurea
827 1774 902 1842 salle,

149 1847 250 1911 lataque
262 1847 288 1896 iu
298 1847 462 1909 Aventinum,
480 1847 591 1913 pureque
603 1846 628 1896 ἃ
639 1847 702 1896 casie
709 1852 724 1897 i
732 1853 854 1903 matronis
865 1854 904 1905 sa·

148 1923 299 1975 criterium.
335 1925 470 1977 Consellirn
480 1924 511 1975 ad
527 1923 594 1974 aliud
606 1925 754 1975 sacrificium
764 1929 844 1980 eidem
855 1935 903 1984 Di·

147 2016 190 2053 ’σω
200 2003 390 2054 ab'decemviris
398 2003 477 2054 edida
490 2003 549 2066 dien,
568 2002 637 2067 eujus
647 2004 710 2055 ordo
722 2008 777 2056 talis
787 2007 852 2058 suit:
870 2011 905 2064 ab

148 2075 202 2132 tede
218 2082 342 2149 Apollinis
353 2082 433 2133 boves
445 2081 545 2133 seminar
553 2081 620 2132 utba
631 2082 687 2134 dun
700 2085 774 2152 pond
784 2091 903 2142 Carmen-

148 2159 194 2210 tuli
206 2160 232 2210 in
244 2161 330 2211 urbem
347 2160 434 2211 duee.
452 2161 505 2227 post
522 2175 562 2209 ear
575 2159 626 2210 duo
638 2160 704 2225 signa
716 2163 839 2231 cupressea
856 2170 903 2233 Ju.

147 2239 222 2289 nonis
234 2240 336 2304 Regina
351 2237 524 2306 portabantur.
543 2250 596 2288 tum
611 2237 704 2306 septem
714 2241 739 2292 dr
748 2243 839 2308 viginti
849 2247 904 2298 vir»

147 2317 226 2382 pines,
238 2316 339 2382 longam
351 2315 443 2367 indutae
454 2317 556 2380 veliem,
569 2331 667 2366 carmen
677 2319 703 2367 in
716 2321 841 2384 Junonem
851 2325 902 2375 Re·

148 2395 366 2458 glnrm'eanenter
385 2396 469 2458 ibant3
486 2395 527 2446 illd
540 2396 682 2463 tempellate
699 2396 800 2448 forsitan
815 2399 902 2453 lauda.

148 2471 199 2521 bile
211 2469 312 2522 rudibus
326 2475 439 2538 ingeniis,
457 2489 523 2524 nunc
541 2474 717 2525 abhorrens&
734 2476 900 2548 inconditum,

149 2547 308 2600 sireseratur.
343 2553 478 2617 virginum
495 2553 608 2605 ordinem
626 2554 792 2621 sequebantur
803 2557 901 2610 decem-

149 2626 329 2676 uiricoronati·
340 2628 431 2693 laurei,
449 2634 645 2698 praetextatique.
681 2639 704 2683 A
713 2646 785 2702 porta
794 2639 903 2702 Jugar-io

148 2703 210 2752 vico
222 2703 248 2752 in
259 2701 343 2754 sonum
353 2719 452 2774 venere.
474 2706 565 2758 insono
578 2725 669 2777 pompa
678 2713 800 2778 constitir3
817 2715 843 2764 ez
855 2731 904 2782 per
944 2740 946 2744 ·

149 2795 239 2833 manus
254 2782 313 2831 relic
328 2782 393 2847 dati,
409 2786 519 2850 virgines
531 2785 619 2837 sonum
634 2791 705 2840 vocis
722 2791 792 2858 pulsu
807 2793 903 2859 pedum

148 2858 304 2910 modulanter
315 2861 469 2913 incesserunt.
487 2853 617 2915 ludevico
634 2867 720 2917 Tusco
733 2869 902 2936 Velabroque,

148 2951 194 3008 per
205 2938 322 2988 Boariurn
333 2937 425 3004 sorum,
442 2942 468 2990 in
481 2941 574 2992 clivum
587 2941 724 2994 Publicium
737 2957 811 3012 atque
820 2947 899 2998 aedem

148 3016 256 3082 Junonir
267 3017 366 3084 Reginae
377 3017 524 3088 pericuum.
541 3018 577 3070 ibi
593 3019 647 3074 duae
661 3023 745 3082 hostie
755 3024 789 3076 ab
800 3024 899 3082 decem-

492 3101 546 3162 24
833 3104 902 3156 virle·
