2076 3612
357 239 383 292 n
399 239 412 290 1
429 238 449 291 s
465 239 526 291 sn
560 239 596 290 rc.
710 199 744 239 ³
821 241 856 301 rr

106 339 193 393 nitur,
212 326 332 398 &ipsum
344 329 513 394 flagitantibus
528 329 576 380 suis
590 329 684 394 sgnum
693 329 791 382 dedisse.
810 329 856 379 Ab

106 421 191 460 neutra
201 421 271 476 porte
289 408 348 457 satis
365 405 494 456 commode
506 405 612 458 inllrusli
623 407 732 460 suerunt.
756 423 814 460 nam
825 405 853 457 δε

107 487 248 536 Samnitium
267 486 322 534 dux
338 483 434 532 Gellius
445 485 565 546 Egnatius
582 485 724 550 pabulatum
742 501 798 536 cnm
810 499 855 534 co·

107 561 215 628 hortibus
234 561 322 628 paucis
341 560 417 618 ierat3
435 557 529 622 suoque
549 559 642 624 impetu
660 561 739 623 magis
755 561 854 623 milites,

108 641 177 702 quam
188 635 338 701 cujusquam
352 633 426 684 duslu
440 645 484 682 aut
496 635 610 701 imperio,
628 649 736 701 pugnam
748 635 854 703 capesse·

108 713 171 764 bant.
188 717 213 766 dr
225 715 336 764 Romani
349 713 471 762 exercitus
481 727 528 762 nec
540 713 632 779 pariter
640 714 714 764 ambo
722 713 796 776 dosii,
806 729 853 764 nec

105 789 159 839 satis
176 791 298 859 temporis
315 789 348 839 ad
366 787 531 838 instruendum
548 788 605 838 suit.
639 790 709 840 Prius
726 791 855 840 concurrit
935 781 940 790 ⁶

105 865 263 928 Volumnius,
280 869 356 930 quarn
371 865 466 930 Appius
481 863 512 912 ad
527 864 621 914 hostem
637 865 786 930 perveniret.
806 867 854 915 ita-

105 957 152 1010 que
171 943 254 994 sronte
272 943 391 1008 inaequali
411 941 560 992 concursum
580 943 627 992 eu:
646 944 680 1004 dt,
698 945 768 994 velut
787 945 854 994 sorte

104 1022 214 1088 quadam
225 1031 334 1070 mutante
345 1019 450 1070 assuetos
467 1021 533 1070 inter
551 1019 574 1068 sc
587 1021 674 1082 hostes,
691 1021 788 1072 Etrusci
800 1028 857 1076 Vo·.

104 1100 214 1161 lumnio,
231 1101 355 1163 samnites,
371 1097 633 1166 parumpercunsiati,
650 1101 710 1164 quia
726 1098 778 1148 dux
796 1101 855 1150 abe-

104 1188 151 1236 rat,
170 1176 256 1242 Appio
273 1191 408 1226 occurrere.
445 1175 546 1224 Dicitur
558 1175 657 1242 Appius
669 1176 695 1226 in
713 1176 796 1226 medio
808 1193 855 1245 pu.

103 1271 157 1321 gnae
168 1253 317 1318 discrimine,
334 1256 370 1304 ita
386 1264 416 1303 ut
431 1254 499 1312 inter
516 1252 596 1318 prima
614 1253 681 1318 tigna
698 1255 811 1304 manibus
822 1255 854 1310 ad

102 1335 190 1384 coelum
202 1333 304 1382 sublatis
321 1333 513 1398 conspiceretur,
530 1332 566 1380 ita
582 1344 694 1398 precatus
709 1331 764 1397 esse,
781 1334 854 1384 Bello-

103 1429 138 1476 nc,
149 1412 172 1476 fi
178 1411 241 1461 bodie
252 1409 310 1460 nobis
323 1411 440 1460 villariam
448 1410 503 1471 duis,
520 1408 553 1473 ast
563 1425 599 1476 ego
611 1411 713 1476 templum
721 1409 761 1462 tibi
771 1427 853 1462 voveo.

103 1492 161 1540 Hzc
172 1499 297 1556 precatus,
315 1487 387 1536 velut
397 1487 526 1550 instigante
535 1488 597 1550 Dei,
614 1487 639 1538 n
654 1489 705 1554 ipse
716 1489 817 1554 college
826 1491 853 1542 dc

103 1567 228 1616 exercitus
246 1566 369 1614 virtutem
390 1581 410 1614 τ
427 1565 507 1614 uavir.
543 1567 624 1616 Duces
643 1566 804 1634 imperatoria
824 1585 854 1618 o-

101 1657 163 1712 pera
173 1641 358 1706 exsequuntur;
376 1641 401 1692 ἃ
411 1579 509 1702 kiter,
525 1657 555 1692 ne
573 1641 605 1692 ab
616 1643 692 1694 altera
706 1655 772 1712 parte
785 1645 856 1712 prius

102 1718 210 1770 vitiosis
227 1719 338 1786 incipiat,
355 1719 510 1770 annituntur.
542 1721 610 1784 Ergo
627 1719 738 1776 fundunt
752 1721 853 1792 sugant·

101 1813 150 1864 quc
167 1797 258 1859 hosses,
273 1797 395 1859 majorem
413 1797 505 1848 molem
525 1797 591 1850 haud
610 1796 682 1846 facile
702 1798 854 1864 sustinentes,

102 1881 248 1944 quomrum
259 1891 310 1940 qua
326 1890 413 1946 manus
431 1873 559 1926 conserere
577 1874 665 1924 assueti
680 1875 786 1926 fucrant.
812 1891 855 1934 ur-

103 1955 184 2020 gendo
199 1953 325 2014 cedentes,
342 1953 542 2019 insequendoque
559 1949 648 2000 effusos
666 1954 808 2019 compulere
823 1951 857 2006 ad
883 1993 887 1999 .

101 2034 186 2084 cattia.
220 2034 271 2097 lbi,
289 2031 433 2082 interventu
452 2031 529 2082 Gellii
546 2029 740 2095 cohortiumque
752 2028 858 2080 Sabella·

104 2127 166 2176 tum,
181 2113 309 2180 paulisper
326 2112 565 2179 recruduit-pugna.
591 2109 621 2160 iis
633 2115 731 2176 qnoque
742 2125 804 2160 mox
815 2108 856 2160 su·
909 2165 913 2172 ,

104 2191 140 2254 lis,
155 2191 237 2254 joma
252 2190 476 2240 visloribus'cassra
485 2189 705 2255 oppugnabantur:
727 2187 760 2250 dc,
777 2203 856 2254 quum

106 2269 255 2320 Volumnius
274 2267 328 2336 ipse
346 2279 423 2334 portae
440 2267 507 2332 signa
518 2267 633 2328 inserret;
651 2265 756 2334 Appius,
773 2266 854 2317 Bello-

104 2360 162 2398 nam
179 2347 309 2396 vistricem
326 2345 461 2396 identidem
480 2344 612 2405 celebrans,
628 2343 773 2398 accenderet
788 2345 857 2395 mili..
921 2368 924 2373 -

104 2426 272 2488 summimus,
291 2439 336 2491 per
353 2423 457 2488 vallum,
474 2421 608 2490 pcrcsossa's
618 2423 768 2489 irruperunt.
805 2427 858 2476 Ca«.

104 2499 154 2554 sita
172 2511 242 2566 capta
259 2501 425 2568 direptaque:
442 2499 523 2566 preda
534 2492 628 2563 'ingens
648 2509 718 2567 parta
736 2501 761 2552 ἃ
777 2501 852 2552 militi

105 2575 216 2627 concessa
227 2579 267 2628 eil.
293 2578 389 2645 septem
405 2578 482 2628 millia
498 2594 528 2628 ac
540 2579 643 2630 trecenti
654 2578 760 2630 hostiurn
771 2579 855 2647 occis,

105 2653 157 2706 duo
166 2655 242 2706 millia
254 2658 281 2708 sk
292 2663 393 2706 centum
405 2656 497 2720 viginti
509 2657 604 2723 captis-⁴

136 2737 196 2784 XX.
213 2737 283 2786 Dum
295 2736 372 2786 ambo
389 2735 499 2806 consules
510 2735 640 2802 omnisque
651 2735 764 2786 Romana
775 2736 814 2786 vis
826 2737 854 2790 itt

103 2809 234 2862 ntmscum
245 2813 340 2864 belltun
351 2814 429 2877 magis
446 2815 555 2878 inclinat,
573 2814 599 2864 in
616 2813 716 2865 samnio
732 2815 795 2864 novi
807 2829 853 2864 ex·

103 2889 204 2950 ercitun
220 2893 304 2942 exorti
316 2891 348 2940 ad
360 2890 548 2958 depopulandos
557 2891 653 2958 imperii
664 2891 771 2942 Romani
783 2890 853 2956 fines,

104 2977 152 3031 per
164 2965 280 3020 Vescinos
292 2971 319 3018 in
330 2970 489 3035 Campaniam
498 2969 677 3036 Falernumque
688 2983 775 3034 agrum
785 2979 855 3020 tran·
883 3003 886 3007 -

102 3039 233 3114 scendunt,
253 3045 413 3118 segnesque
430 3045 523 3118 predas
540 3047 645 3107 tantur.
679 3046 858 3130 Volumnium,
899 3071 905 3080 ¹·

757 3129 858 3186 magn!

833 3200 839 3231 l
