2126 3642
362 196 365 200 -
398 164 487 226 ΗΒ
505 165 566 226 litt
592 165 703 228 xxm.
879 177 928 249 ²⁹⁹.

173 257 223 326 que'
235 256 335 310 occulta
346 255 377 307 rle
389 257 454 308 caede
465 257 605 326 principum
617 257 643 306 ἃ
658 255 799 324 proditione
812 235 932 306 urbisin·

174 331 287 386 ibantur.
324 336 422 400 Quibus
442 351 473 384 ne
493 336 589 402 incepta
610 335 780 400 procederent,
798 335 862 384 inter
884 335 930 406 Ca·

175 407 253 478 puam
266 411 391 478 castraque
403 411 556 472 Hannibalis,
574 427 629 476 quae
641 411 667 460 in
679 410 773 459 Tifatis
782 419 860 473 erant,
878 419 930 458 tra·

172 485 251 556 'clusio
259 479 380 554 exercitu,
398 489 488 540 Fabius
499 487 570 556 super
580 485 718 536 Vesuvium
728 489 753 536 in
766 487 847 536 castris
859 487 931 536 Clau-

171 550 255 615 ‘dianis
265 566 392 628 consedit3
411 567 468 616 inde
480 569 519 615 M
529 557 678 614 ‘Marcellum
688 564 860 632 proconsulem
873 577 930 613 cum

177 642 208 692 iis
219 643 308 708 copiis,
325 658 384 708 qua-s
397 643 512 702 habebat,
528 641 621 691 Nolam
633 640 658 690 in
672 639 809 706 praesrdium
821 640 895 690 mist.

211 720 268 766 XL.
287 721 320 767 Et
331 719 357 768 in
375 719 485 769 Sardinia
502 733 539 766 res
554 731 598 784 per
613 721 648 766 T.
661 717 784 766 Manlium
798 729 929 784 praetorrm

176 789 340 845 administrari
360 807 453 862 coeptae,
472 811 525 861 quae
538 793 629 864 omissae
649 805 726 858 crant,
745 795 875 862 postquam
893 798 928 860 Q.

176 872 278 920 Mucius
289 879 380 938 prator
392 875 465 936 gravi
480 871 570 920 morbo
584 870 617 920 est
629 871 773 938 implicitus.
810 873 928 934 Manlius,

153 936 158 946 ’
176 950 285 998 navibus
296 951 376 1016 longis
388 951 419 1000 ad
435 951 531 999 Carales
547 947 679 1012 subdusiis,
696 949 876 1015 navalibusque
888 949 928 1000 so-

174 1017 224 1072 'ciis
235 1019 341 1090 armatis,
359 1037 387 1076 ut
405 1026 469 1076 terri
487 1039 539 1074 rem
558 1034 663 1088 gereret,
680 1015 847 1090 &apraetore
859 1039 929 1074 exer-

179 1100 232 1148 citu
245 1112 355 1168 accepto,
372 1094 425 1154 ‹luo'
440 1105 466 1152 ar
482 1102 575 1166 viginti
593 1099 808 1168 milliapctiitum,
825 1101 931 1152 mille&

174 1171 301 1229 'ducentos
313 1181 405 1247 equites
417 1181 534 1232 confecit.
561 1183 623 1230 Cum
637 1179 674 1228 his
686 1179 796 1244 equitum
809 1178 932 1246 peditum·

178 1255 227 1320 quc
240 1259 317 1324 copiis
333 1259 458 1326 prolestus
479 1259 504 1306 in
522 1271 610 1321 agrum
627 1256 741 1320 hostium,
759 1256 824 1306 haud
842 1255 931 1322 procul

178 1333 211 1382 ab
221 1333 388 1402 ,Hampsicorae
398 1335 480 1386 callris
492 1333 565 1383 casira
577 1333 674 1400 poluit.'
703 1332 864 1400 Hampsicora
875 1343 931 1383 tum

172 1406 244 1478 ‘forts
261 1411 384 1478 profctius
402 1423 455 1461 erat
473 1411 497 1459 in
512 1410 610 1461 Pellitos
629 1409 715 1460 Sardos
727 1409 756 1460 ad
770 1412 931 1475 juventutem
962 1477 965 1482 Ι
1057 1421 1058 1426 ’

173 1489 331 1553 armandam,
348 1492 397 1556 qua
415 1489 499 1556 copias
516 1498 624 1552 augeret.
661 1487 809 1554 filiuseius,
826 1489 931 1538 nomine

180 1565 289 1627 trinitus,
307 1568 387 1616 castris
399 1577 517 1634 praerat:
536 1568 564 1630 is,
581 1565 746 1615 adolescentia
757 1568 838 1632 ferox,
855 1573 931 1616 teme·
973 1565 976 1576 ’

122 1695 128 1700 ,
180 1653 208 1690 re
225 1643 310 1708 praelio
321 1644 384 1693 inito
395 1643 460 1694 susus
471 1643 627 1710 fugatusque.
645 1643 676 1692 ad
694 1645 743 1694 tria
753 1645 831 1694 millia
843 1642 930 1694 Sardo·

177 1731 237 1768 rum
249 1735 280 1770 eo
292 1721 378 1787 proelio
389 1721 456 1786 caesa,
473 1721 609 1786 ostingenti
624 1720 701 1769 scr-mc
714 1722 769 1770 vivi
781 1722 871 1788 capti.'
895 1725 930 1771 A·

166 1795 226 1862 slius
239 1800 361 1848 exercitus
372 1799 453 1865 primo
464 1815 508 1866 per
524 1813 597 1862 agros
612 1797 732 1862 filvalque
745 1798 804 1861 suga
815 1797 928 1864 palatus3

178 1873 246 1934 dein,
264 1878 315 1939 qub
331 1875 419 1926 ducem
431 1875 517 1940 fngiffe
528 1875 597 1924 sama
612 1883 671 1934 erat,
689 1873 720 1922 ad
731 1874 815 1923 urbem
828 1875 932 1923 nomine
967 1933 968 1936 Ἴ

180 1955 303 2015 Cornum,
325 1964 399 2020 capnt
413 1954 467 2018 ejus
486 1953 603 2018 regionis,
621 1950 743 2014 confugit.
771 1949 932 2001 rlcbcllatunr·

179 2022 229 2092 qur
240 2043 270 2076 eo
288 2029 374 2096 proelio
392 2031 418 2080 in
438 2029 547 2079 Sardinia
559 2026 625 2092 esset,
644 2029 670 2076 ni
682 2027 756 2076 classis
769 2027 861 2076 Punica
873 2043 930 2078 cum

158 2105 243 2166 fduce
260 2089 419 2171 Haslrubale,
437 2123 491 2173 quae
508 2106 649 2172 tempestate
667 2103 757 2167 dejesta
775 2103 806 2154 ad
825 2104 931 2155 Baliares

170 2181 239 2247 'etat,
258 2185 283 2233 in
296 2193 411 2250 tempore
420 2185 453 2233 ad
462 2184 529 2250 spem
541 2181 674 2234 rebellandi
686 2181 829 2232 advenisset.
854 2185 930 2232 Man.

169 2261 223 2312 'lius
240 2261 293 2328 post
311 2261 522 2328 samnmappulsae
534 2259 723 2326 Punicaeclallis,
744 2261 841 2311 Carales
852 2261 876 2310 se
892 2277 930 2311 re·

171 2342 252 2405 repis
270 2356 299 2390 ea
311 2339 409 2392 occasio
423 2341 587 2408 Hampsrcorae
601 2340 658 2390 data
671 2344 745 2390 Poeno
755 2335 781 2389 'se
792 2339 925 2405 jungendi.

178 2418 324 2480 Hasdrubal,
343 2420 421 2485 copiis
433 2421 458 2468 in
470 2431 560 2470 terram
575 2419 700 2486 exposrtis,
719 2421 744 2470 δε
759 2419 828 2470 classo
845 2420 928 2470 remit:

177 2491 205 2544 sa
219 2497 401 2560 Karthaginem,
419 2497 481 2547 duce
493 2498 651 2562 Hampsicora
667 2499 698 2548 ad
709 2497 833 2548 sociorum
846 2513 927 2566 popu·

180 2572 198 2622 ll
212 2573 317 2621 Romani
333 2588 420 2637 agrum
432 2574 600 2642 populandum
613 2573 743 2641 proseslus,
762 2577 859 2624 Carales
872 2589 928 2642 per·

177 2659 299 2698 venturus
311 2659 369 2712 erat,
388 2653 413 2700 ni
432 2650 630 2701 Manliusobvio
643 2653 755 2701 exercitu
766 2653 798 2702 ab
814 2652 888 2702 effusa
901 2669 927 2702 o-

148 2781 150 2785 ,
169 2739 221 2774 'um
233 2727 394 2792 populatione
404 2726 569 2774 continuisset.
603 2729 687 2778 Primo
698 2729 773 2778 casira
782 2729 862 2779 callris
874 2745 928 2780 mo·
992 2747 995 2752 ·

168 2803 234 2854 orco
246 2805 379 2853 intervallo
391 2803 447 2852 sunt
462 2801 566 2866 obieeta,
584 2803 672 2854 deinde
683 2803 879 2872 procursationes
892 2808 927 2856 le-

167 2884 268 2946 ·viaque
288 2883 424 2930 certamina
444 2882 517 2928 vario
537 2891 630 2930 eventu
650 2885 726 2936 inita:
745 2884 866 2950 postremo
883 2883 927 2932 do-

176 2959 290 3014 {censum
308 2962 335 3011 in
349 2961 437 3027 aciem,
455 2955 575 3024 signisque
587 2961 689 3030 collatis,
704 2957 770 3027 julio
784 2962 871 3029 proelio
882 2965 931 3028 po'r

168 3053 171 3060 ·
331 3079 333 3086 .
515 3034 568 3086 Ns
748 3087 754 3094 .
793 3072 796 3076 ,
831 3081 836 3094 .
864 3051 929 3104 qua}
