2126 3642
334 217 503 272 uranu
535 183 644 272 itxritss
812 195 866 282 iri

112 311 223 373 uadibus
232 309 304 362 ell‘et:
323 313 385 363 &in
401 311 453 362 dies
467 313 548 374 major
559 311 675 360 omnibus
690 305 769 378 portis
778 309 863 362 multl-

113 394 176 442 tudo
189 389 292 441 effundi.
313 391 434 458 postremo
446 391 463 438 ii
481 388 557 438 modo
573 387 649 438 relisli
666 389 690 436 in
706 387 767 440 urbe
785 395 864 454 erant,

18 477 26 488 ·
113 461 362 534 qttsreficeremuros
376 481 406 515 ac
421 475 514 532 portas,
532 464 629 528 telaque
644 465 669 512 in
679 465 865 529 propugnacula

114 549 249 606 congerere
268 541 430 606 cogebantur.
466 543 496 589 In
517 541 664 606 permixtam
680 539 792 588 omniunt
810 551 866 590 teta-

114 620 179 668 tium
191 619 355 685 ordinumque
364 609 557 676 multitudinem,
576 615 600 664 dt
612 625 745 679 vagantem
761 616 787 664 in
801 617 866 681 agris

114 693 206 758 magua
218 710 250 745 ex
267 706 336 763 parte
352 695 480 758 inermem,
498 689 624 742 Hamilcar
633 694 719 742 l’oenus
729 693 823 758 equites
839 708 866 742 e·

115 769 195 831 misrt;
213 773 264 840 qui,
281 771 378 822 violare
391 783 538 836 quemquam
557 769 640 832 vetiti,
658 773 764 833 tantum,
780 779 809 819 ut
820 771 866 820 cxl

111 847 244 898 eluderent
263 849 295 898 ab
312 847 375 898 urbe
394 847 453 912 fugi
476 845 608 912 dillipatos,
632 855 723 896 turmas
742 844 866 910 objecere.

116 927 180 976 Dux
188 926 248 994 ipse,
263 927 321 977 loco
331 921 458 994 superiore
470 934 553 992 capto,
570 921 637 972 unde
648 939 719 989 agros
730 925 868 990 urbemque

115 1002 196 1070 pollet
207 1003 356 1071 conspicere,
374 1003 529 1054 Bruttiorum
547 1004 676 1052 cohortem
694 1001 867 1068 adire-muros,

101 1071 196 1144 'atque
214 1095 319 1130 evocare
337 1082 460 1150 principes
480 1079 639 1129 Locrenfium
658 1078 689 1128 ad
715 1081 868 1146 colloquium

117 1157 194 1222 jussit,
212 1157 245 1221 ἃ,
262 1159 404 1226 pollicentes
420 1157 558 1209 amicitiam
570 1155 724 1222 Hannibalis,
741 1155 868 1208 adhortari

116 1233 151 1284 ad
163 1233 249 1284 urbem
261 1235 412 1286 tradendam.
447 1233 549 1284 Bruttiis
563 1233 589 1282 in
598 1233 725 1300 colloquio
734 1236 823 1286 nullius
831 1237 869 1288 rei
923 1277 926 1286 .

118 1313 200 1378 primo
208 1312 267 1362 fides
276 1315 324 1364 eli:
341 1313 428 1364 deinde
439 1323 469 1362 ut
480 1315 568 1362 Poenus
586 1313 700 1378 apparuit
716 1313 741 1363 in
756 1313 869 1382 collibus,
890 1327 894 1334 '

118 1389 302 1454 &refugientes
314 1393 385 1459 pauci
397 1393 471 1440 aliam
484 1403 582 1440 omnem
594 1389 778 1442 multitudinem
791 1392 816 1442 in
826 1408 871 1460 po·

118 1466 204 1514 tellate
221 1468 327 1518 hostium
343 1466 389 1517 esse
401 1467 554 1528 afferebant5
568 1477 630 1531 tum,
642 1479 711 1518 metu
720 1469 789 1534 vitii,
807 1485 868 1521 con·

117 1541 228 1592 sulturos
246 1543 272 1592 sc
289 1544 408 1611 populum
428 1543 614 1611 responderunt.
632 1545 805 1614 advocatique
823 1561 869 1598 exo

105 1618 218 1684 ,templo
234 1619 362 1683 concione,
380 1635 454 1685 quum
472 1619 497 1672 tc
513 1619 646 1670 levissimus
664 1623 767 1688 quisque
789 1635 870 1674 novas

117 1712 159 1748 res
175 1711 318 1764 novamque
341 1696 482 1749 societatem
499 1697 611 1764 mallent,
630 1697 664 1762 dc,
681 1715 787 1765 quorum
806 1709 868 1767 pro·'

119 1775 209 1844 pinqui
219 1783 289 1826 extra
301 1775 386 1841 urbem
399 1775 519 1844 interclusi
534 1775 566 1826 ab
582 1775 691 1825 hostibus
702 1787 780 1840 erant,
798 1777 870 1828 vclut
918 1789 925 1809 s

119 1851 245 1903 obsidibus
254 1853 328 1917 datis,¹
337 1854 479 1921 pigneratos
489 1853 607 1903 haberent
616 1851 720 1913 animos,
732 1855 804 1920 pauci
816 1869 871 1903 ma·

121 1932 158 1997 gis
169 1932 239 1982 taciti
252 1929 385 1999 probarent
396 1933 547 1982 constantem
557 1930 640 1993 fldem,
658 1935 731 1996 quam
741 1929 871 1996 probatam

120 2010 185 2060 tueri
194 2009 311 2061 auderent
316 2031 323 2074 ;
342 2011 408 2062 haud
419 2011 498 2062 dubio
507 2010 534 2060 in
548 2009 654 2076 speciem
664 2005 781 2058 consensu
796 2007 826 2058 fit
839 2007 872 2060 ad

119 2091 209 2140 Poenos
227 2087 340 2140 deditio:
366 2093 398 2140 L.
420 2090 498 2140 Atilio
514 2087 629 2157 prasesio
647 2086 759 2155 presidii,
777 2087 872 2155 quique

122 2181 219 2218 tumeo
235 2168 325 2218 milites
334 2167 442 2218 Romani
456 2177 535 2233 erant,
553 2167 616 2216 clam
631 2165 657 2214 in
675 2165 774 2233 por'tum
792 2165 871 2217 dedu·

122 2243 182 2308 siis,
192 2252 266 2309 atque
275 2245 396 2312 impositis
405 2245 431 2294 in
445 2259 530 2308 naves,
548 2255 576 2294 ut
585 2243 708 2308 Rhegium
719 2243 870 2297 deveheren-

114 2332 171 2384 ‚tur,
189 2323 355 2373 Hamilcarem
373 2321 509 2391 Poenosque
525 2322 553 2371 cd
570 2321 723 2386 conditione,
746 2332 775 2373 ut
793 2323 872 2376 surdus

123 2401 252 2466 extemplo
269 2403 345 2468 aquis
359 2401 456 2466 legibus
470 2401 549 2465 fieret,
567 2401 592 2451 in
607 2399 694 2451 urbem
711 2403 871 2470 accepemnti
899 2401 904 2404 ’

124 2477 195 2540 cujus
204 2477 238 2526 rel
248 2483 324 2548 prope
332 2495 384 2530 non
400 2479 496 2531 servata
507 2479 567 2530 fides
576 2479 663 2530 deditis
672 2481 713 2544 esl,
731 2494 807 2548 quum
815 2484 871 2533 Por·

66 2575 69 2578 ·
123 2568 172 2607 nus
193 2552 252 2606 dolo
271 2557 392 2609 dimillitm
413 2562 555 2609 Romanum
575 2558 711 2622 incusaret;
735 2559 873 2612 Locrenses

86 2647 91 2651 ·
124 2629 258 2701 profugisse
271 2631 350 2703 ipsum
365 2638 531 2700 causarentur.
565 2637 671 2687 Insecuti
688 2640 763 2690 etiam
779 2639 874 2707 equites

124 2708 189 2773 sunt,
207 2707 224 2759 fi
234 2725 283 2776 quo
299 2712 356 2764 casu
367 2713 393 2764 in
405 2713 469 2765 sreto
478 2715 545 2766 aestus
552 2715 653 2782 morari,
671 2725 714 2766 aut
725 2715 818 2768 deserte
827 2711 873 2768 tta-²

123 2801 169 2838 ves
185 2787 212 2837 in
228 2798 318 2841 terram
331 2791 417 2858 posset.
436 2792 462 2843 dc
478 2808 521 2843 cos
532 2783 641 2860 quidem,
658 2809 720 2860 quos
738 2783 881 2863 sequebarl:

123 2875 174 2925 tur,
191 2879 242 2916 uon
251 2867 308 2917 sunt
319 2867 416 2938 adepti:
434 2870 492 2920 allas
503 2869 638 2920 aMessana
651 2871 798 2936 trajicientes
807 2863 875 2924 'freto'
948 2873 951 2878 ’

123 2942 250 3008 Rhegium
261 2959 337 2996 naves
348 2946 540 3016 conspexerunt.
566 2947 660 2998 Milites
674 2959 743 3000 erant
755 2949 876 3002 Romani'

121 3011 259 3074 auauuo
272 3031 379 3092 pretore
391 3023 457 3079 midi
470 3023 504 3078 ad
520 3022 681 3078 abnuendam
690 3025 781 3080 urbem
791 2986 879 3092 prend

817 3099 873 3165 (Πῦρ
