2062 3640
198 235 253 286 qq
461 215 694 268 ·r.1.1v11

196 321 314 374 trrrnqne
330 306 409 357 aciem
430 306 555 370 turbarit,
572 307 659 356 utrix
675 307 753 357 annis
765 309 880 360 retentis
892 311 920 362 in
931 327 970 362 ea-

199 391 245 440 stra
257 385 306 436 sese
318 386 463 453 receperint,
481 385 574 434 nullior
585 384 622 434 rel
630 386 737 444 minore,
755 392 840 452 quana
851 390 969 451 hostiurn,

106 483 116 502 ·
197 475 275 516 rnetu.
310 467 343 514 Et
354 465 453 532 possete
469 464 511 514 die
528 463 619 514 eodern
631 463 689 514 loen
700 465 770 514 acies
782 465 923 519 inslrusiae
933 485 969 516 ea-

196 545 255 594 dern
267 543 397 611 tempesias
408 543 516 594 diremit.
529 543 573 612 ubi
585 541 732 610 receplsl'ent
744 542 769 592 se
783 545 814 595 in
824 547 920 610 casira,
928 547 968 596 rni-

196 637 227 674 rt
238 621 356 672 serenitas
372 635 431 672 eum
449 619 627 686 tranquillitate
641 618 783 693 oriebatur.
821 624 858 674 ln
871 625 969 688 religio

196 715 257 752 nem
268 715 345 751 earet
356 699 424 770 apud
433 701 520 750 Poenor
531 698 603 748 rersa
615 698 663 748 eli:
676 698 820 766 auditaque
831 705 897 753 vox·
905 707 968 753 Han·

197 779 289 832 nibalir
306 778 394 844 fertur,
410 777 516 846 peterse
527 774 569 842 fiii
585 774 645 824 udis
656 777 730 826 stom
741 779 807 827 andi
817 791 924 831 mmm
934 797 967 830 arr

196 859 256 923 dari,
268 859 330 910 moso*
337 860 461 924 fortunam.
490 855 606 906 Minudre
616 855 700 905 etiam·
711 853 784 922 spem
798 857 859 921 ejue
872 857 904 910 ei
912 860 968 920 alia,

197 951 281 1006 parva
298 951 448 1004 magnaque,
465 949 517 984 res:
534 947 626 998 magna
643 931 694 994 illa,
711 931 792 998 quod,
812 949 901 1000 quum
919 934 968 1002 ipse

194 1016 233 1068 ad
249 1019 341 1068 tnoenia
356 1016 427 1067 urbis
444 1018 532 1065 Rome
548 1022 658 1062 armatus
676 1009 783 1076 sederet,
803 1014 906 1066 militer
926 1015 967 1065 snb

198 1095 302 1146 vexillis
314 1095 339 1144 in
352 1094 551 1164 supplementum
563 1085 689 1157 Hispania
701 1087 836 1156 proseelor
848 1093 965 1144 audivit:

196 1187 280 1242 {rnrva
291 1183 384 1234 antem,
401 1169 468 1236 qubd
485 1183 531 1236 per
547 1179 590 1219 eoa
607 1167 659 1218 dier
670 1181 728 1216 eunt
740 1166 813 1218 sorte
825 1185 927 1234 agrurn,
943 1172 965 1220 in

198 1265 253 1318 quo
266 1249 318 1318 ipse
328 1251 405 1300 casira
423 1249 533 1312 baberet,
550 1245 652 1308 venisse,
669 1245 731 1297 nihil
744 1247 780 1297 ob
792 1249 823 1300 id
835 1249 966 1300 deminuto

198 1329 292 1397 pretio,
309 1330 440 1392 cognitum
451 1339 485 1375 ex
497 1325 608 1392 quodam
619 1326 722 1392 captivo
734 1325 778 1374 esi.
802 1327 837 1378 ld
849 1333 917 1378 verb
926 1328 965 1377 ad-

198 1425 232 1460 eo
249 1406 385 1476 superbum
401 1417 477 1472 atque
494 1403 626 1469 indignum
637 1404 729 1467 risum,
747 1405 809 1470 ejusv
821 1406 882 1472 soli,
900 1405 966 1476 quod

197 1487 251 1556 ipse
261 1487 329 1537 bello
338 1495 441 1553 enptnnr
450 1483 583 1552 possideret
594 1483 754 1550 haberetque,
763 1485 906 1537 inventum
916 1489 966 1536 llo·

197 1583 246 1619 nra
257 1576 396 1635 emptorem
402 1583 410 1628 ;
427 1573 465 1624 ut,
482 1563 614 1630 extemplo
628 1571 723 1613 vocato
735 1575 866 1630 precone,
885 1565 964 1615 taber·
1009 1617 1010 1634 ,

198 1643 414 1712 nasargentarias,
431 1642 570 1710 quorcirca
587 1641 836 1692 sorumRnnranurn
854 1641 964 1694 tunees-
1009 1641 1010 1650 ’

200 1727 263 1792 sent,
280 1723 376 1792 jusserit
386 1723 483 1774 venire.
519 1721 565 1771 ssu
580 1729 666 1771 motus
678 1717 711 1770 ad
723 1721 835 1771 Tutiam
853 1721 964 1771 flurium
1009 1739 1010 1760 r

199 1805 281 1859 eastra
291 1802 383 1868 retulit,
400 1799 445 1852 sex
455 1797 534 1848 millia
546 1793 658 1864 passuum
672 1793 706 1846 ab
716 1795 790 1846 urbe.
809 1795 871 1848 inde
880 1796 914 1847 ad
925 1799 965 1846 lu·

201 1901 261 1939 curn
274 1883 385 1952 Emonia
396 1879 478 1948 pergit
489 1876 532 1940 ire,
549 1873 672 1942 templum
682 1874 714 1924 ed
731 1875 879 1943 tempeslate
891 1876 966 1926 ineli-

200 1979 258 2018 tunr
269 1963 374 2014 divitiis.
393 1963 530 2028 capenates
541 1955 620 2020 aliqui
631 1955 725 2006 accole
735 1953 790 2019 ejus
801 1965 894 2016 erant;
912 1957 965 2024 pri-

201 2047 286 2099 mitiae
301 2041 404 2110 liugnrn
420 2044 452 2091 eb
470 2039 584 2102 donaque
603 2035 651 2085 alia
668 2049 715 2102 pro
733 2035 808 2102 copia
823 2045 965 2103 portantes,

201 2126 284 2178 multo
295 2137 358 2174 auro
369 2130 524 2187 argentoque
535 2115 561 2166 id
578 2123 728 2165 exornatum
743 2114 882 2177 habebant.
916 2117 972 2166 His·

123 2239 128 2246 ·
188 2203 323 2260 ·ornnibnr
339 2199 412 2252 donis
429 2209 484 2249 turn
502 2196 636 2265 spoliatum
650 2192 781 2260 templum.
798 2194 853 2242 eris
863 2197 965 2258 acervi,

203 2295 284 2351 quum
302 2280 390 2331 rudera
410 2277 501 2328 milites
519 2267 641 2339 religione
650 2267 750 2322 indubii
766 2270 888 2333 jacerent,
906 2273 966 2340 poli

204 2357 386 2432 prosesiionetn
404 2353 552 2405 Hannibalis
568 2351 653 2416 magni
670 2348 775 2400 inventi·
795 2341 894 2410 ¹'i'itrjua
914 2365 965 2416 po.

205 2439 303 2510 pulatio
314 2434 400 2502 templi
412 2433 478 2483 haud
489 2431 566 2482 dubia
577 2427 642 2482 inte'r
649 2427 784 2497 scriptores
794 2423 838 2473 est.
858 2427 962 2490 coelius,

204 2523 316 2572 Romam
334 2521 434 2562 euntem
452 2511 484 2561 ab
501 2513 578 2560 Ereto
595 2505 723 2561 divertisse
738 2511 770 2559 eb
782 2501 959 2569 Hannibalem,

204 2595 296 2650 tradit:
316 2593 412 2657 iterque
423 2589 519 2654 ejus-ab
531 2592 618 2653 Reate,
638 2586 792 2654 Cutiliisque,
809 2584 836 2636 dt
846 2583 879 2635 ab
889 2571 967 2634 amb

206 2688 280 2729 terno
292 2669 398 2724 orditur.
416 2683 449 2720 ex
463 2671 600 2737 Campania
612 2670 638 2718 in
649 2667 785 2730 Samnium,
802 2663 862 2714 inde
876 2663 904 2714 in
912 2665 958 2715 Pe-

205 2759 288 2824 lignus
309 2749 462 2822 pervenisle5
479 2761 615 2820 praeterque
632 2747 752 2815 oppidum
766 2745 914 2796 'sulmonem
931 2743 958 2793 in

208 2833 368 2892 Marrucinos
387 2827 506 2893 transrsle3
530 2829 592 2880 in'rle·
607 2825 707 2878 Albensi
726 2837 788 2890 agro
808 2823 835 2872 in
855 2819 955 2884 Marsos,
1001 2847 1008 2882 .

108 2973 116 2983 .
208 2920 269 2982 irinc
288 2913 453 2975 Amiternum,
469 2907 623 2974 Forulosque
635 2906 722 2955 vicum
733 2899 837 2953 venisse.
872 2903 958 2967 Neque

208 2998 248 3048 ibi
265 2991 392 3049 errores,
409 2987 477 3054 qubd
494 2987 557 3037 tanti
574 2984 698 3034 exercitus
715 2980 820 3044 vestigia
832 2979 956 3028 intrarant

206 3073 294 3126 brevis
309 3068 359 3126 nui
375 3065 525 3120 tresnariam
539 3061 668 3132 ponerint
685 3057 816 3114 cernundi.
832 3053 877 3108 lsse
890 3055 955 3174 erig
