2126 3642
173 220 245 277 Μ
437 206 475 261 Τ.
509 207 605 262 Ltv
621 207 665 260 11

166 315 215 350 erm
226 301 260 364 iis3
277 299 313 366 qui
326 297 385 368 adse
395 297 604 367 tuendos'vetdfflat‚
622 293 741 363 omniajidi
756 295 784 350 dr
798 295 927 366 efflemsi&

168 379 234 444 tiata,
247 379 274 430 b
285 379 314 428 ed
324 377 423 429 ultimum
429 379 491 442 fort.
508 381 565 428 Hoc
574 377 728 444 colloquium
738 377 838 428 abstulit
851 379 926 446 spem

169 455 305 507 Hannibali
325 473 369 524 per
386 455 554 526 proditionem
571 449 718 523 recipienda
736 457 816 506 Nolae.
835 457 925 522 itaque

168 533 294 601 oppidum
306 537 399 585 coron&
411 531 581 594 circumdedit,
600 544 629 582 ut
640 532 712 582 simul
723 533 756 582 ab
768 533 838 583 omni
849 543 926 600 parte

169 611 260 663 moenia
271 611 455 676 aggrederetur.
485 615 568 676 Quem
579 620 607 660 ut
619 607 750 660 success‘tffe
761 613 838 660 muris
849 613 924 661 Mar²

160 688 245 739 'celius
257 685 331 753 vidit',
348 689 462 740 instruat
482 687 545 738 intra
563 697 661 756 portam
678 689 740 753 acle,
757 703 814 738 cum
826 699 923 753 magno

171 765 280 818 tum'ultu
289 771 379 838 erupit.
398 769 494 836 aliquot
506 769 589 836 primo
598 769 694 834 impetu
705 767 807 835 perculfi
819 769 924 835 caesique

169 845 242 907 sunm
259 845 325 912 dein,
338 845 462 900 concursu
476 843 508 896 ad
528 855 665 913 pugnantes
677 843 750 908 ladio,
767 845 921 912 aequatisque

169 923 275 988 viribus,
292 936 367 976 atrox
378 925 453 992 coepit
464 921 510 974 elle
520 937 612 991 pugna.
629 921 845 989 memorabilisque
856 924 924 972 inter

169 1017 260 1072 paucas
271 1001 361 1069 fuisset,
373 1005 398 1053 ni
410 1001 551 1069 ingentibus
563 1001 675 1069 procellis
688 999 776 1050 effusus
788 1001 868 1051 imber
881 1001 920 1052 di'-

170 1077 278 1130 remillet
290 1087 435 1146 pugnantes.
470 1081 509 1130 Eo
526 1077 567 1129 die
584 1075 713 1128 commiffo
725 1077 826 1129 modico
839 1085 919 1128 certas
943 1086 946 1090 '

170 1161 247 1224 mine,
264 1170 339 1226 atque
356 1157 456 1209 irritatis
473 1159 570 1223 animis,
586 1158 612 1208 in
629 1155 717 1208 urbem
732 1157 848 1220 Romani,
866 1158 920 1207 Pte·

170 1241 197 1290 'ui
209 1240 235 1288 in
247 1239 322 1288 castra
333 1235 383 1286 sese
393 1245 548 1306 receperunt.
567 1246 648 1286 tamen
660 1236 882 1303 Poenorum‘primd
894 1251 920 1285 e·

134 1349 141 1355 -
170 1316 287 1382 ruptione
299 1313 399 1380 pcrculsr
417 1313 559 1365 ceciderunt
576 1312 642 1363 haud
653 1314 707 1380 plus
723 1318 796 1379 quam
808 1313 920 1378 triginta,

170 1395 343 1444 Romanorum
354 1389 445 1442 nullus.
479 1390 564 1441 Imber
575 1390 704 1441 continens
716 1401 760 1460 pet
770 1390 867 1441 nobem
879 1403 920 1442 to-

170 1482 223 1520 tam
234 1469 311 1535 usque
328 1469 360 1520 ad
377 1469 465 1520 horam
477 1458 575 1522 'tertiam
593 1469 643 1520 diei
658 1467 807 1536 insequentis
823 1471 919 1522 tenuitt

171 1549 264 1615 itaque,
271 1559 413 1618 quanquam
420 1558 530 1616 utraque
543 1563 598 1617 pars
609 1547 678 1599 avidi
690 1551 829 1600 certaminis
841 1560 919 1616 crant,

169 1641 202 1677 co
222 1625 262 1676 die
279 1636 411 1676 tenuerunt
428 1625 478 1675 sese
496 1637 578 1678 tamen
597 1627 767 1677 munimentis.
786 1629 859 1678 tertio
878 1627 919 1678 die
943 1654 954 1676 ·

169 1703 296 1758 Hannibal
308 1715 403 1772 partem
414 1704 543 1773 copiarum
556 1704 693 1772 praeatum
705 1707 730 1755 in
740 1722 826 1772 agrum
839 1707 917 1756 Nola·

169 1798 231 1836 num
250 1783 323 1836 mifit.
360 1784 436 1850 Quod
456 1783 500 1834 ubi
520 1783 697 1834 animadvertit
715 1785 854 1850 Marcellus,
872 1801 942 1836 cx..

169 1864 265 1933 templo
277 1865 309 1914 tin
328 1865 407 1914 aciem
424 1864 510 1932 copias
530 1861 629 1913 educit:
647 1878 728 1928 neque
740 1865 863 1914 Hannibal
874 1865 922 1916 dc··
937 1860 939 1864 ’

169 1942 295 1997 mediavit.
328 1943 401 1994 Mille
418 1942 469 1995 sere
486 1941 599 2012 palleum
613 1943 677 1994 inter
694 1943 782 1994 urbem
797 1955 866 1994 eraut
877 1960 919 1995 ca-

168 2021 274 2088 straque.
292 2036 322 2072 co
335 2020 415 2089 spatio
436 2019 471 2083 (dc
483 2019 547 2072 sunt*
553 2020 638 2070 omnia
649 2017 731 2088 campi
743 2015 806 2072 cited
818 2020 920 2088 Nolam)

168 2111 357 2154 concurrerunt.
395 2099 504 2162 clamor,
527 2113 560 2150 ex
586 2108 656 2166 parte
674 2107 780 2165 utraque
802 2097 919 2164 sublatus,

137 2167 140 2173 ¹
169 2177 300 2250 proximos
319 2190 352 2228 ex
367 2177 513 2228 cohortibus
533 2178 571 2241 iis,
589 2191 643 2244 quae
662 2178 771 2244 inagtos
782 2177 918 2246 praedatum

136 2296 139 2301 .
168 2258 289 2320 exierant,
309 2255 341 2306 ad
353 2257 466 2324 proelium
481 2257 534 2322 jam
546 2253 700 2307 commillitm
711 2259 852 2308 revocavit.
886 2255 921 2308 Et

167 2331 263 2388 Nolani
280 2333 359 2384 aciem
379 2337 520 2384 Romanam
536 2345 676 2386 auxerunt:
689 2333 757 2400 'quos
768 2333 921 2386 collaudatos

167 2409 302 2469 Marcellus
321 2411 347 2462 in
365 2409 476 2462 lubfidiis
493 2411 560 2475 stare,
579 2411 604 2462 ἃ
617 2411 712 2464 saucios
724 2413 819 2462 exacie
831 2409 919 2464 efferre
993 2443 996 2448 ·

165 2487 246 2556 juss'rt5
282 2488 346 2552 ugni
358 2487 487 2554 abstinere,
505 2489 531 2538 ni
543 2488 575 2539 ab
587 2487 611 2557 le
622 2489 718 2554 lignum
729 2487 886 2558 accepiilcnt.

119 2579 125 2587 ·
202 2503 286 2619 Xng.
304 2565 421 2616 Proelium
440 2579 493 2617 erat
512 2579 603 2642 anceps¹
612 2567 733 2634 :llummd
752 2570 779 2620 vi
800 2571 826 2621 bc
840 2569 919 2638 duces

168 2642 342 2708 hortabantur,
360 2644 390 2694 δι
403 2643 493 2694 milites
511 2645 664 2712 pugnabant.
698 2646 831 2696 Marcellus
848 2645 940 2698 villis

98 2763 103 2774 ,
168 2721 304 2780 antediem
324 2723 433 2788 tertium,
450 2723 541 2790 fugatis
559 2734 615 2774 ante
632 2739 723 2792 paucos
735 2723 787 2774 dies
798 2729 812 2774 ‘a
825 2725 918 2790 Cumis,

168 2799 241 2872 pullis
260 2799 343 2868 priore
362 2817 428 2854 atino
447 2801 479 2853 ab
492 2804 559 2856 Nola
568 2803 602 2853 ab
617 2802 705 2852 eodem
717 2803 741 2852 sc
753 2801 824 2868 duce,
841 2804 921 2854 milite

167 2879 228 2942 aliu,
244 2876 333 2929 instare
349 2879 432 2944 jubet.
466 2883 525 2932 Non
539 2895 610 2932 omnes
628 2878 667 2944 effe
683 2881 705 2929 in
722 2881 785 2930 acie:
799 2881 920 2948 predantes

166 2956 352 3026 uagarit‘nagro.
366 2958 414 3028 sed,
430 2957 577 3028 qui‘pugnent,
594 2973 691 3006 marcere
703 2959 816 3023 Campana
824 2959 937 3021 luxuriat,-

167 3033 220 3098 W
231 3034 259 3094 dr
268 3033 358 3104 scortis,
373 3035 505 3106 omnibtcsque
521 3035 593 3102 listris
603 3044 646 3101 per
662 3041 732 3086 totam
743 3031 835 3087 hiemem
846 3033 922 3098 ronse·

865 3109 922 3166 8050
