2076 3612
174 243 207 300 te
431 241 662 292 T.L1v11

166 327 233 375 ctum
244 328 298 376 luee
311 327 384 391 cerri,
401 327 495 380 deditio
508 331 561 378 sieri
574 340 670 396 eoepta:
688 328 714 380 ἃ
724 329 798 396 Ρειξὶί,
816 333 861 397 qui
881 334 924 384 Sn-

172 407 290 455 mnitium
309 406 399 472 sorent,
416 419 445 456 ut
464 423 521 458 eum
541 409 640 472 singuiis
659 408 923 460 vestimentisemitte-

173 494 266 534 rentur.
301 487 335 534 Hi
347 501 431 534 ornnes
442 487 487 536 sub
500 487 588 551 jugum
600 486 671 535 ruisii.
687 485 761 536 sociis
776 481 930 538 samnitium

172 561 235 610 nibil
252 574 361 624 cautum.
388 564 420 614 ad
438 563 530 632 septem
547 565 625 613 miliia
640 564 685 613 sub
703 579 796 616 corona
811 567 922 615 veniere.

174 640 217 704 qui
236 637 261 688 se
278 641 359 690 civem
377 643 513 692 Hernicum
531 641 637 705 dixerat,
655 641 764 691 seorsum
775 643 801 692 in
814 642 922 692 custodia

164 717 281 766 '‘habitus.
300 717 304 724 '
316 719 365 767 Eos
376 733 461 769 omnes
473 720 562 768 Fabius
574 723 682 769 Romam
701 719 733 770 ati
751 717 861 769 senatum
873 721 922 770 mi-
946 745 950 752 ·

163 791 218 862 3,fit:
237 794 272 856 bc,
288 809 365 858 quum
383 795 508 862 quaesrtum
528 793 593 858 esset,
612 794 715 859 tetettu,
733 809 765 844 an
784 795 922 846 voiuntarii

171 885 221 940 pro
233 873 381 922 Samnitibus
397 862 514 924 aduersus
526 878 656 924 Romanos
666 873 799 936 beutffem,
816 889 861 940 per
872 875 921 922 La·

174 950 240 999 cinos
257 951 362 1017 populos
377 950 527 1000 custodiendi
547 950 645 1001 dantur.
660 949 763 1014 jussique
781 965 836 1000 eam
856 951 920 1000 iute-

174 1041 244 1092 gram
256 1043 307 1077 rem
319 1029 380 1078 novi
388 1027 508 1092 consulet,
519 1030 546 1076 P.
558 1028 686 1078 Cornelius
696 1027 800 1089 Arvina,
811 1031 845 1092 Q.
854 1029 922 1078 Mat·

174 1103 228 1152 eius
240 1105 381 1168 Tremulus,
400 1103 428 1166 (ii
439 1105 505 1153 enim
519 1103 571 1166 jam
583 1105 660 1153 creati
671 1106 749 1168 erant)
765 1102 798 1160 ad
809 1101 921 1152 senatum

173 1180 274 1233 reserre.
293 1181 317 1230 id
337 1197 400 1246 aegre
419 1182 477 1248 passi
496 1183 606 1244 Hernici,
624 1181 757 1231 concilium
770 1179 921 1248 populorum

174 1259 291 1308 omnium
301 1259 444 1308 habentibus
457 1260 593 1323 Anagninis
605 1260 631 1310 in
643 1261 720 1322 circo,
736 1273 807 1324 quent
819 1259 919 1306 Mariti-

172 1351 244 1385 mum
263 1346 364 1398 vocant,
387 1347 472 1403 praeter
493 1337 664 1400 Aletrinatem,
681 1327 919 1400 Ferentinatemque,

174 1413 201 1464 ἀ
213 1413 371 1476 Verulanum,
384 1427 474 1463 omnes
485 1413 588 1464 Hernici
598 1414 706 1465 nominis
717 1414 812 1482 pupulo
826 1415 919 1464 Roma-

93 1539 97 1546 ,
173 1491 313 1541 nobellum
326 1491 479 1543 indixerunt.

208 1571 480 1620 XL111.1nSamuio
500 1569 609 1638 quoque,
632 1570 692 1636 quia
709 1566 842 1619 decesserat
861 1566 919 1618 iude

174 1644 273 1708 Fabius,
290 1647 354 1695 novi
365 1656 448 1696 motus
459 1648 550 1698 exorti.
573 1647 667 1698 Calatia
679 1646 703 1696 tc
715 1650 783 1710 Sora,
800 1644 919 1712 praesidia·

102 1731 107 1738 ·
174 1737 231 1788 que,
249 1737 303 1787 quae
320 1725 346 1772 in
363 1723 392 1773 iit
411 1727 523 1774 Romana
535 1735 613 1787 eraut,
630 1733 787 1791 expugnata:
806 1723 830 1772 ἃ
842 1722 868 1770 in
880 1735 920 1771 ca·

174 1799 304 1868 privotum
324 1816 428 1869 corpora
447 1802 557 1854 militum
576 1801 639 1852 soede
650 1800 771 1852 sevirum.
788 1799 873 1865 itaque
888 1799 919 1846 eb

174 1881 202 1934 1³.
217 1880 346 1932 Cornelius
363 1897 420 1932 curu
434 1881 547 1935 exercitu
557 1880 649 1932 missus.
684 1879 783 1930 Marcio
794 1876 857 1928 novi
873 1875 919 1924 ho·

164 1957 219 2010 sies
236 1959 296 2023 (jam
308 1962 374 2012 enim
386 1961 523 2024 Anagninis
534 1957 695 2022 Hernicisque
706 1957 759 2008 aliis
771 1950 920 2016 bellumjus-

174 2034 301 2104 sumeret)
317 2038 489 2090 decernuntur.
512 2039 607 2088 ·Primb
623 2037 658 2084 ita
675 2035 759 2084 omnia
777 2041 922 2096 opportuna

172 2115 229 2164 luca
240 2117 318 2165 hostes
330 2117 393 2164 inter
402 2113 529 2162 consulum
542 2111 616 2160 castra
628 2111 817 2171 interceperunt,
827 2116 855 2152 ut
863 2121 921 2169 per-

174 2190 265 2238 vadere
277 2187 406 2252 expeditus
425 2185 529 2234 nuncius
546 2199 597 2232 nnn
615 2179 700 2246 posset,
718 2180 743 2226 ἃ
760 2192 804 2242 per
822 2177 920 2240 aliquot

174 2265 225 2316 dies
236 2265 324 2320 incerti
336 2275 417 2310 rerum
429 2260 551 2321 omnium,
569 2254 722 2324 suspensique
734 2254 764 2302 de
783 2252 846 2302 uam
855 2255 920 2304 alte-

128 2363 130 2368 ·
174 2345 232 2404 rius,
250 2352 353 2404 uterque
365 2336 450 2387 consul
461 2345 552 2399 ageret,
571 2337 727 2395 Romamque
744 2331 764 2380 is
774 2341 854 2380 metus
865 2347 919 2382 nra-

172 2427 258 2476 naret·
275 2414 338 2464 adeo
354 2423 382 2464 ut
402 2426 487 2462 omnes
504 2411 614 2474 juniores
626 2407 778 2458 sacramento
789 2405 918 2472 adigeren÷
939 2421 944 2427 ·

166 2506 222 2555 tut,
239 2503 312 2556 atque
323 2490 354 2540 ad
375 2489 455 2538 subita
471 2501 553 2536 rerum
565 2485 615 2536 duo
627 2484 684 2548 jussi
697 2485 860 2534 scriberentur
872 2499 917 2536 ex·

172 2571 271 2619 ere-itus
307 2571 422 2618 Ceterum
442 2565 577 2614 Hernicum
597 2563 687 2612 bellurn
699 2578 854 2630 nequaquam
871 2580 917 2630 pro

164 2643 283 2714 ‚praesenti
296 2653 388 2692 terrore
403 2657 432 2692 ac
450 2641 569 2690 vetustate
586 2641 665 2704 gentis
676 2640 761 2703 gioria
772 2640 829 2689 suit.
856 2639 918 2689 nihii

165 2719 275 2790 ¹usquam
286 2719 352 2770 dittu
362 2719 465 2782 dignum
484 2717 543 2779 aust,
560 2718 630 2767 trinis
643 2718 749 2767 cassrit'
743 2729 807 2768 tutta
824 2731 918 2782 paucus

171 2801 223 2849 dieu
235 2799 314 2862 exuti,
331 2799 433 2862 triginta
445 2796 540 2846 dierum
553 2795 690 2859 inducias,
683 2808 719 2846 tta
729 2807 757 2844 ut
768 2794 798 2844 ad
807 2793 917 2844 senatum

163 2881 278 2938 ¹Romam
290 2880 383 2942 legatos
397 2878 529 2940 mitterent,
548 2875 611 2942 paiii
630 2873 685 2925 sunt
704 2873 810 2924 bimestri
827 2872 917 2938 siipen·

166 2957 215 3028 ¹dio
232 2956 412 3022 frumentoque,
430 2957 454 3006 ἃ
466 2955 564 3020 singulis
581 2955 608 3004 in
627 2954 730 3004 militem
742 2951 840 3000 tunicis.
875 2949 917 3000 Ab
936 2967 939 2974 ¹

171 3034 258 3100 scuatu
277 3036 309 3090 ad
327 3037 451 3090 Marcium
469 3033 560 3101 tejetti,
578 3034 619 3084 cui
639 3027 850 3114 senatusconsultu
854 3041 916 3152 lqut·

818 3120 853 3156 nu
873 3117 914 3152 um
959 3156 962 3164 ¹

164 3151 173 3184 s
