2126 3642
175 203 228 282 qod
417 203 479 254 ·.Τ
494 202 702 258 LIVIIi

173 289 305 342 eieoecisi.
339 293 512 344 Romanorum
523 294 605 343 minus
614 293 832 349 ιιιίιιεὶιιιιιῑιᾶῐ.
844 297 942 366 posta·

170 381 229 416 ιιιιιι
247 367 311 416 diem
330 367 434 419 induciis
453 370 542 432 tacitis,
560 369 701 435 sepeliendo
719 373 839 447 utrinque
850 374 936 426 eaesos

171 439 200 490 ln
220 442 280 505 acie,
295 437 518 512 consumpserunt.
552 445 635 514 Spolia
655 447 762 499 hostium
783 443 935 513 Marcellus,

173 517 288 568 Vulcano
300 533 399 583 votum,
417 522 547 572 cremavit.
586 525 677 572 Tertio
690 523 742 596 poll
754 522 794 574 die
806 526 870 586 (ob'
863 541 934 575 tram

172 595 248 646 eredo
259 598 378 664 aliquam,
395 611 439 650 aut
450 599 517 666 spem
528 599 675 650 liberalioris
683 589 788 668 militia)
802 603 870 670 mille
880 603 932 652 du-

172 677 240 726 emti
252 675 407 744 septuaginta
419 675 470 728 duo
482 679 584 743 equites,
594 679 668 728 mixti
681 679 797 730 Numidae
809 663 935 746 Hispani·

173 768 230 822 que,
247 753 278 802 ad
296 755 442 804 Marcellum
456 753 649 819 transfugerunt.
673 771 761 806 eorum
773 756 837 810 sorti
846 758 931 808 fideli-

173 845 223 898 que
236 833 329 898 οριιὲ
323 849 349 882 ιιι
361 848 391 882 eo
404 831 469 883 bello
479 833 513 884 usr
525 833 581 882 sunt
592 831 654 900 l'aepe
667 835 783 884 Romani.
802 839 871 908 Ager
880 837 931 886 Hi-

34 923 43 939 ·
101 969 108 974 ¹
171 907 282 1000 spanis'
276 926 301 960 ιιι
321 909 449 978 Hispania,
467 910 609 962 Numidis
603 928 629 960 tn
648 909 732 962 Africa
751 911 804 978 poll
823 903 930 976 bellum,

172 985 275 1037 virtutis
286 989 366 1050 causb
383 989 445 1038 latus
457 987 527 1040 datus
538 989 580 1038 est
610 977 744 1052 Hannibal,
762 989 794 1038 ab
806 992 873 1040 Nola
887 1004 928 1039 re·

174 1063 269 1148 misso
262 1083 288 1116 ιιι
308 1069 418 1118 Bruttios
430 1070 560 1130 Hannone,
578 1081 635 1134 eum
653 1066 742 1156 quibus
760 1079 863 1118 venerat
881 1084 928 1118 eo·

194 1159 231 1205 us,
248 1143 299 1213 ipse
314 1145 414 1212 'Apuliae
432 1145 537 1207 hiberna¹
551 1145 622 1212 petit,
639 1145 754 1210 circaque
770 1149 851 1223 Arpos
864 1131 932 1222 con-¹

170 1141 247 1274 sedit.
284 1229 317 1288 Q.
335 1224 432 1285 Fabius,
449 1233 477 1272 ut
497 1223 661 1291 prosedum
656 1238 681 1272 ιιι
700 1217 817 1290 Apuliam
828 1224 930 1296 Hanni-
947 1239 952 1246 ·

173 1299 258 1376 palem
275 1298 381 1362 audivit,
399 1298 525 1357 sturnento
542 1299 574 1350 ab
595 1299 661 1350 Nola
679 1301 857 1378 Neapolique
851 1317 878 1350 ιιι
897 1315 927 1350 ea

175 1377 252 1445 eastra
272 1375 402 1440 convello,
427 1393 481 1444 qua
502 1375 573 1444 super
594 1378 727 1429 Suessulam
746 1389 824 1447 erant,
843 1380 927 1428 muni-

174 1451 316 1522 mentisque
328 1453 440 1517 firmatis,
457 1456 482 1504 ἃ
499 1456 619 1524 praefidio,
636 1455 703 1522 quod
716 1472 759 1524 per
776 1451 879 1506 hiberna
896 1445 928 1508 ad

178 1530 311 1602 tutandum
326 1533 410 1600 locum
422 1532 479 1584 satis
490 1535 556 1598 ell'et,
573 1531 667 1598 relislo,
683 1533 734 1604 ipse
747 1537 858 1602 Capuam
867 1548 927 1622 pro·

129 1642 135 1656 ,
175 1615 234 1678 prus
243 1609 326 1660 movit
337 1609 420 1674 castra,
432 1626 569 1678 agrumque
582 1615 736 1678 Campanum
747 1608 833 1662 ferro
826 1623 929 1677 ignique
970 1597 978 1606 ⁵
1052 1599 1053 1618 ¹

175 1687 209 1742 cll
220 1687 393 1762 depopulatus.
402 1687 582 1740 doneecoalli
595 1688 650 1740 sunt
663 1689 793 1756 Campani,
810 1688 873 1738 nlhtl
881 1681 928 1738 ad

177 1754 282 1822 modum
299 1767 395 1818 viribus
412 1767 460 1818 suis
477 1767 588 1831 fidentes,
605 1765 688 1856 egredi
706 1767 793 1834 portis,
811 1765 927 1818 &eastra

178 1854 236 1898 unte
254 1833 363 1896 urbem'
357 1862 382 1910 tq
400 1857 487 1916 aperto
499 1843 663 1897 communire.
699 1848 748 1893 sex
758 1844 835 1906 millia
846 1857 927 1894 arma·

178 1933 262 1980 torum
276 1899 408 1989 habebant,
420 1923 528 1991 peditem
537 1920 679 1972 imbellem:
692 1919 808 1986 equitatu
817 1919 870 1986 plus
880 1933 927 1986 po·

179 2001 269 2054 lerant.
287 2002 372 2068 itaque
392 2001 540 2068 equestribus
557 1999 647 2068 praeliis
666 1995 812 2048 lacessebant
824 1997 927 2054 hostem.

177 2079 250 2144 ¹1nter
267 2080 359 2130 multos
373 2081 472 2130 nobiles
484 2079 588 2144 equites
596 2079 736 2148 Campanos
758 2075 872 2127 Cerrinus
884 2060 928 2144 Juf

180 2157 268 2206 belliue
286 2168 347 2220 erat,
364 2159 514 2222 cognomine
534 2159 643 2204 Taurea.
662 2153 725 2202 civis
741 2151 851 2202 indidem
866 2161 928 2222 erat,
959 2203 962 2208 ,

180 2233 256 2306 longe
273 2233 387 2282 omnium
407 2237 590 2299 Campanorum
603 2228 745 2284 fortiffimus
756 2243 848 2300 eques:
865 2227 928 2277 adeo

179 2319 219 2372 ut,
236 2323 312 2374 quum
329 2308 394 2375 apud
407 2313 533 2364 Romanos
551 2308 677 2376 militaret,
693 2321 756 2364 unus
767 2319 823 2354 eum
834 2307 928 2368 Roma,

182 2399 228 2436 nus
242 2383 357 2434 Claudius
378 2385 473 2435 Asellus
491 2379 570 2450 gloria
587 2382 690 2449 equestri
705 2389 819 2446 aquaret
854 2373 929 2432 Hune

182 2469 293 2528 Taurea,
309 2479 385 2528 quum
398 2464 440 2516 diu
459 2464 604 2529 perlustrans
622 2462 699 2510 oculis
711 2457 872 2534 obequitalset
884 2459 929 2509 ho

181 2523 253 2591 slsum
263 2539 368 2600 turmis,
386 2539 486 2590 tandem
507 2538 571 2588 sallo
592 2537 695 2600 slentio,
712 2535 746 2586 uli
766 2529 814 2604 effe!
831 2535 948 2588 Claudius·

179 2609 304 2682 Asellio?
309 2614 429 2680 quesivit.
451 2615 494 2679 dr,
507 2617 606 2682 qnoniam
624 2612 696 2662 verbis
708 2615 783 2680 secum
802 2612 829 2662 de
847 2615 931 2666 virtute

183 2693 293 2762 ambigere
304 2693 381 2758 saletas
397 2687 453 2762 effla,
470 2709 508 2742 cur
519 2711 558 2744 non
561 2693 635 2758 ferro
647 2693 781 2753 decerneret,
798 2692 929 2760 daretquet·

181 2774 246 2844 pima
251 2769 322 2836 spolia
333 2769 413 2832 vitius,
430 2779 468 2819 aut
479 2769 549 2820 vilsor
560 2771 665 2838 caperel'
703 2765 706 2778 ⁸

220 2849 330 2898 XLVII.
349 2848 408 2898 Haee
423 2847 466 2898 ubi
479 2848 561 2900 Asello
573 2849 689 2898 nunciata
701 2846 775 2896 sunt
769 2863 794 2896 ιιι
807 2847 896 2910 castra,
907 2831 931 2901 id

179 2915 263 2980 modb
273 2925 392 2996 moratus,
409 2936 438 2976 ut
449 2925 578 2976 consulem
594 2923 817 2996 percuns’taretur,
813 2925 931 2974 liceretne

186 3015 259 3064 extra
270 2989 420 3062 ordiremur
420 2997 614 3076 provocantem
623 3001 716 3052 hostem
734 3005 861 3080 pugnare?
879 3015 943 3124 pq

820 3088 824 3094 ·
863 3092 896 3128 nu
916 3091 931 3128 ιι
