2076 3612
390 251 557 300 LIBER
593 249 641 303 IX.
847 268 876 314 31

117 351 216 406 petunt.
254 341 349 404 Ingens
362 338 505 401 multitudo,
523 340 548 387 irr
566 354 643 388 unturr
660 346 728 388 metu
740 339 876 404 congloba-

119 427 152 477 ta,
169 435 200 467 ae
212 417 294 468 semet
315 416 394 483 ipsam
409 416 485 464 turb&
505 416 647 483 impediens,
666 415 692 463 in
709 417 792 466 medio
804 417 876 468 caesa.

121 499 202 561 Capta
215 496 329 544 hostium
342 493 418 542 castra
427 493 584 558 direptaque3
602 507 708 558 quornm
721 493 799 558 praedd
811 509 876 544 ontr-

121 571 183 620 llum
192 573 301 620 militem
314 572 340 618 in
353 573 466 618 Romana
478 570 552 617 callra
564 568 667 616 distator
678 568 780 629 reducit,
796 569 876 620 haud·

121 662 248 712 quaquam
258 659 312 697 tam
322 646 426 695 vitieris
434 647 526 706 laetum,
544 650 619 711 qualm
629 644 703 710 qued,
722 647 808 711 prae'ter
818 647 873 696 exi-

112 739 196 786 guam
217 723 389 774 deformatam
412 724 528 773 incendio
550 733 654 790 partem,
683 733 764 773 cetera
786 737 874 776 contre

120 798 188 868 spem
203 801 275 851 salva
291 801 398 850 invenit.

154 884 257 929 XXIV.
279 879 319 929 Ad
329 885 411 928 Soram
426 878 484 927 inde
499 878 620 938 reditum3
638 880 749 944 novique
761 877 873 930 eonsules

119 959 160 1005 M.
176 959 300 1017 Poetelius,
320 961 347 1005 C.
362 956 481 1022 Sulpicius
497 957 634 1005 exereitum
647 957 678 1005 ab
694 957 812 1006 didatore
825 961 873 1006 Fa·

118 1035 167 1085 bio
179 1038 321 1102 accipiunt,
330 1037 418 1099 magni
431 1045 502 1101 parte
518 1046 630 1082 veterum
645 1035 752 1084 militum
765 1036 872 1099 dimissi,

123 1111 249 1176 novisque
260 1113 401 1161 cohortibus
414 1114 439 1160 in
452 1110 650 1176 supplementum
658 1111 776 1160 adduslir.
801 1115 873 1161 eete-

121 1195 187 1252 rr'un,
206 1207 282 1256 quum
302 1203 402 1258 propter
414 1191 538 1246 difficilem
558 1189 624 1237 urbis
641 1188 713 1238 litum
731 1205 776 1239 nec
792 1207 873 1258 oppu-

119 1269 212 1332 gnandi
230 1262 287 1318 sertis
301 1281 366 1318 certa
386 1269 451 1316 ratio
464 1269 575 1327 iniretur,
592 1267 616 1315 de
628 1277 671 1315 aut
689 1277 802 1334 tempore
816 1267 872 1318 lorr-

121 1348 222 1412 ginqua,
240 1359 283 1397 aut
303 1362 409 1414 praeceps
427 1345 538 1412 periculo
560 1344 664 1394 vittoria
675 1344 748 1405 elset;
766 1351 872 1397 Soranus

120 1423 258 1489 transfuga,
276 1427 340 1474 clam
353 1440 386 1474 ex
395 1424 491 1490 oppido
503 1422 633 1490 prosesius,
650 1440 726 1488 quum
738 1425 769 1474 ad
782 1427 872 1490 vigiles

121 1507 249 1554 Romanos
260 1506 412 1571 penetrdll'et,
431 1503 488 1552 duci
500 1503 523 1552 se
534 1504 659 1570 extemplo
669 1504 699 1553 ad
709 1505 820 1555 consules
827 1507 870 1569 ju-

121 1581 171 1641 bet,
198 1580 366 1646 deduslusque
383 1579 529 1629 traditurum
548 1581 635 1628 urbem
654 1584 787 1646 promittit.
823 1585 870 1632 Vi-

120 1656 158 1706 sus
178 1657 236 1707 inde
254 1657 474 1724 (quumsquonam
492 1657 568 1708 modo
585 1657 610 1707 id
630 1659 783 1726 praestaturus
802 1661 869 1727 esset,

120 1736 307 1804 percunsiantes
329 1737 438 1804 doceret)
462 1736 528 1786 haud
550 1752 616 1786 vana
639 1735 734 1800 afferre,
752 1741 868 1805 perpulit,
923 1779 926 1789 .

120 1819 198 1882 prope
213 1815 330 1879 adjunsla
346 1817 466 1866 moeaibus
478 1819 591 1866 Romana
608 1817 683 1865 callra
694 1827 723 1865 ut
737 1815 780 1866 sex
791 1819 870 1868 millia
961 1845 967 1857 ι

119 1893 151 1943 ab
167 1895 266 1961 oppido
283 1906 486 1944 removerentur:
505 1893 567 1952 sore,
583 1895 706 1942 uterinus
726 1895 824 1946 intentae
842 1897 869 1947 in

120 1971 255 2022 custodiam
266 1972 334 2021 urbis
353 1971 446 2022 diurnae
461 1971 577 2020 stationes
593 1987 622 2018 ae
636 1971 760 2020 nostumae
776 1974 870 2036 vigiliae

120 2047 202 2098 essent.
226 2048 280 2114 ipse
299 2048 436 2117 insequenti
453 2047 533 2111 noste,
551 2047 600 2096 sub
614 2046 710 2114 oppido
725 2047 870 2100 silvestribus

118 2125 179 2176 loeis
190 2125 336 2178 cohortibus
353 2127 455 2177 insidere
469 2126 544 2191 jussis,
561 2125 646 2176 decem
664 2125 752 2174 milites
766 2125 870 2180 delesloe

118 2204 200 2254 secum
212 2205 347 2272 perardua
357 2221 387 2255 ac
399 2209 475 2272 prope
483 2205 553 2254 invia
562 2205 588 2254 in
600 2218 682 2253 arcem
692 2201 773 2274 ducit3
790 2206 869 2271 pluri-

120 2280 171 2341 bus,
188 2289 263 2347 qudm
283 2298 330 2348 pro
347 2296 452 2330 numero
473 2282 593 2344 virorum,
610 2278 736 2328 miffilibus
756 2282 810 2331 telis
836 2287 867 2332 ed
935 2271 948 2286 ⁸

119 2360 221 2409 collatis.
257 2360 298 2409 Ad
316 2361 369 2409 haec
386 2359 446 2408 saxa
465 2369 543 2423 erant,
560 2359 688 2408 &temere
703 2358 811 2421 jacentia
828 2360 867 2422 (ut
938 2408 943 2422 „

118 2437 155 2501 fit)
172 2439 197 2486 in
208 2436 319 2504 aspretis,
337 2437 362 2486 dt
374 2435 404 2486 de
420 2435 535 2485 industria
546 2437 629 2497 etiam,
648 2451 698 2501 quo
710 2437 778 2486 loeus
787 2441 867 2488 tutior

119 2513 181 2576 esset,
199 2515 230 2564 ab
243 2513 376 2580 oppidanis
392 2515 513 2577 congelle.
547 2514 596 2562 Ubi
614 2529 689 2578 quum
706 2513 867 2566 constituisset

118 2594 250 2653 Romanos,
270 2589 430 2656 semitamque
447 2591 572 2655 angustam
589 2591 614 2639 dc
631 2589 741 2652 arduam,
760 2591 866 2641 credam

119 2681 149 2717 tx
168 2669 263 2736 oppido
282 2669 308 2715 in
328 2683 418 2729 arcem,
437 2665 573 2716 ollendillet
583 2686 590 2728 ;
607 2667 655 2716 Hac
663 2669 746 2733 quidem
758 2670 866 2735 adscensu,

118 2748 202 2812 inquit,
220 2747 318 2796 veltres
333 2746 414 2794 armati
433 2746 547 2812 quamlibet
562 2746 717 2794 multitudinem
737 2749 866 2797 arcuerim:

117 2840 153 2874 vas
165 2827 192 2876 dr
209 2827 283 2875 decem
298 2839 394 2885 numera,
412 2825 447 2886 da,
464 2825 517 2890 quad
526 2823 620 2890 plusest,
638 2825 738 2887 Romani,
755 2819 865 2874 Romana·

117 2917 199 2968 rumque
210 2902 331 2967 fartifflmi
345 2901 393 2948 eriri
410 2903 466 2964 estis,
484 2901 511 2950 dr
525 2902 629 2967 laeas'pra
641 2901 709 2964 valis,
727 2903 753 2952 da
762 2919 801 2952 nox
811 2901 866 2964 crta,

117 2995 155 3046 que
166 2983 235 3030 amaia
244 2997 270 3030 ex
282 2981 363 3028 lacerta
374 2980 456 3042 majora
473 2980 556 3035 territia
570 2979 669 3043 ostentat.
704 2981 752 3047 Ege
758 2981 808 3044 jam
817 2989 864 3028 teas

116 3059 250 3109 terramala
269 3054 381 3124 implebo:
398 3071 438 3106 var
454 3071 525 3104 arcem
542 3057 618 3112 iatemi
634 3065 712 3110 tenete.
746 3055 864 3182 Decurai:

460 3135 480 3186 B
498 3151 515 3197 4
804 3131 830 3181 in
