2058 3642
257 191 259 195 ’
318 191 636 285 urnnnxxvu.
748 207 753 216 ’
805 244 853 294 529

139 321 255 374 xxxtt.
265 321 384 384 ,Primum
400 321 474 383 diem,
492 336 543 386 quo
558 321 619 370 fines
634 317 740 371 hodium
758 317 855 384 ingressi

105 400 173 463 sunt,
190 400 334 468 populando
351 399 547 466 absumpserunt.
584 387 684 450 Postero'
700 399 855 448 dicaciein-
956 447 959 456 ,
1002 401 1004 420 ¹

107 477 198 528 sirutld
209 479 240 529 ad
249 480 337 530 urbem
349 477 506 540 accesserunt,
519 478 641 544 praemissis
652 478 776 543 equitibus
783 495 790 538 ;
802 476 856 542 qui,

11 565 34 614 ,’
107 555 277 622 obequitando
295 559 380 626 portis,
397 567 543 625 promptum
560 556 590 605 ad
608 556 762 606 excursiones
779 567 857 622 genua

11 627 13 634 ’
104 631 248 687 lacesserent
269 637 420 686 AEtolorum.
455 633 618 698 ignorabant,
642 623 777 702 Sulpicium
800 649 858 686 cnm

11 763 13 768 ,
106 711 257 778 quindecim·
268 715 375 764 navibus
392 714 425 764 ab
442 711 573 779 Naupatlo
592 713 712 778 Cyllenen
730 711 858 778 trajecisse,

107 788 143 853 Gt,
160 790 277 857 expositis
296 792 321 841 in
338 802 428 842 terram
446 797 554 856 quatuor
570 789 679 840 millibus
695 800 858 853 armatorum,

105 866 203 920 silentio
220 869 307 933 nollit,
325 875 356 920 ne
374 867 484 936 conspici
501 883 590 932 agmen
612 867 698 936 posset,
716 866 812 916 intrasse
824 867 859 916 E·
882 922 890 933 x

11 945 13 1004 fl
106 943 161 994 lim.
196 947 283 1013 Itaque
295 945 432 1016 improvisa
444 960 481 995 res
493 946 618 1008 ingentem
631 942 717 1006 injecit
729 954 859 1006 terrorem,

11 1023 13 1086 ζ
108 1021 238 1088 postquam
255 1024 320 1073 inter
331 1024 429 1074 AEtoloa
441 1022 563 1088 Eleosque
575 1025 687 1072 Romana
705 1020 770 1086 stgna
785 1033 860 1086 atque
907 1053 910 1056 -

106 1110 177 1146 erma
194 1113 347 1164 cognovere.
382 1103 414 1148 Et
435 1099 516 1166 primo
536 1100 645 1165 recipere
664 1099 721 1148 suos
744 1093 860 1148 voluerat

11 1177 14 1242 ζ
107 1186 169 1223 rex:
186 1173 252 1238 dein,
269 1176 396 1228 contrado
405 1177 458 1241 jam
470 1177 536 1226 inter
548 1175 646 1225 AEtolos
662 1175 687 1224 ἃ
706 1175 804 1224 Trallos
816 1174 860 1236 (11-

11 1253 16 1320 ζ
106 1252 232 1317 syriorum
248 1254 275 1306 id
292 1257 325 1306 esi
342 1255 426 1322 genus)
443 1255 584 1318 certamine,
602 1269 679 1320 quum
692 1255 773 1318 urgeri
788 1253 861 1302 vide·

11 1337 18 1396 ᾗ
52 1330 54 1335 ’
106 1330 220 1397 tetsuot,
239 1335 264 1386 ἀ
282 1335 335 1402 ipse
352 1350 398 1386 tex
416 1350 473 1385 cum
490 1335 602 1401 equitatu
621 1335 795 1384 in'cohortcm
807 1336 859 1383 Ro·

12 1413 20 1470 ᾗ
104 1423 206 1460 manam
218 1411 331 1466 incurrit.
367 1412 406 1462 lbi
425 1427 501 1479 equus
519 1413 572 1480 pilo
584 1411 697 1475 trajectus
710 1427 786 1478 quum
798 1426 858 1478 pro·

12 1481 20 1548 'J
104 1487 200 1555 lapsum
213 1506 258 1557 per
267 1502 343 1559 caput
354 1506 438 1557 regem
449 1490 578 1553 effudisset,
594 1503 669 1541 atrox
679 1505 762 1558 pugna
779 1489 859 1539 utrin-

11 1563 18 1572 ‘
104 1581 154 1632 que
170 1567 273 1618 accensa
290 1572 331 1631 esi,
349 1571 374 1620 dc
386 1571 417 1619 ab
429 1572 548 1621 Romanis
564 1573 661 1637 impetu
678 1571 705 1619 in
719 1585 802 1634 regem
821 1569 859 1619 sa-

106 1639 156 1704 tto,
175 1644 200 1692 dt
212 1647 399 1710 protegentibus
410 1648 492 1710 regiis.
530 1647 668 1710 Insignis&
688 1647 760 1712 ipsius
778 1662 861 1712 pugna

11 1719 20 1794 ζ’
106 1718 166 1782 snit,
183 1735 262 1786 quum
280 1721 353 1789 pedes
371 1723 435 1771 inter
446 1724 540 1787 equites
555 1721 654 1770 condus
671 1722 728 1770 esset
746 1723 860 1787 proelium

106 1797 181 1847 inite.
198 1797 265 1862 dein,
277 1813 355 1865 quum
366 1798 416 1863 jam
429 1800 509 1865 impar
519 1809 642 1848 certarnen
652 1795 717 1858 esset,
730 1798 859 1849 caderent-

13 1877 21 1890 ''
105 1891 157 1942 quc
168 1876 234 1926 cirea
245 1892 304 1928 eum
314 1878 398 1940 multi,
409 1878 433 1926 n
445 1877 643 1939 vulnerarentur,
660 1886 744 1942 raptus
759 1875 791 1925 ab
803 1875 861 1944 suis,

21 1949 23 1958 ’
106 1965 185 2020 atque
200 1954 271 2005 alteri
285 1971 350 2021 equo
362 1954 472 2018 injetius,
490 1955 564 2015 sugit.
598 1957 637 2003 Eo
648 1953 688 2003 die
700 1955 776 2002 casira
787 1955 861 2020 quin-

106 2045 158 2096 que
174 2031 253 2082 tnillia
269 2032 380 2100 passuum
396 2033 429 2082 ab
446 2032 508 2082 urbe
525 2032 641 2082 Eleorum
655 2031 746 2098 posuit.
765 2033 862 2098 postero

15 2165 23 2184 d
106 2107 139 2160 ad
157 2108 280 2161 catellum
299 2112 419 2178 (Pyrgum
436 2111 539 2174 vocant)
558 2109 643 2177 copias
662 2125 746 2159 omnes
758 2110 861 2164 eduxit:

15 2187 22 2206 ³‘
106 2189 160 2252 qud
169 2187 301 2252 agrestium
318 2189 503 2239 multitudinem
515 2203 572 2238 cum
586 2189 717 2255 pecoribus
732 2201 801 2240 metu
814 2207 861 2258 po·

15 2273 20 2283 ‘
104 2266 265 2334 putationum
282 2269 436 2337 compulsam
445 2267 566 2318 audierat.
585 2283 640 2317 cam
650 2269 805 2319 inconditam
822 2271 861 2320 in-

16 2331 18 2360 *
105 2359 246 2414 ermemque
257 2347 443 2400 multitudinem
454 2349 537 2415 primo
551 2347 641 2396 statim
653 2357 746 2398 terrore
757 2347 861 2398 adveni·

17 2407 22 2436 ³
105 2433 149 2470 ens
157 2426 237 2489 cepit:
255 2425 549 2495 compensaveratqueea
558 2423 646 2492 praedi,
668 2425 738 2491 quod
751 2427 861 2504 ignomi-

106 2498 155 2548 nia
168 2499 200 2550 ad
209 2501 273 2552 Elim
288 2515 418 2571 acceptum
430 2504 521 2555 suerat.
557 2502 689 2554 Dividenti
699 2504 806 2570 predam
818 2521 860 2555 ca·-

19 2635 21 2644 ,
107 2574 241 2643 privosque
251 2579 358 2640 (scierant
370 2591 452 2631 autem
461 2595 570 2647 quatuor
581 2568 658 2632 millia
668 2583 805 2646 hominum,
815 2599 859 2652 pe-

19 2653 22 2718 [
106 2652 174 2702 coris
184 2655 265 2703 omnis
277 2657 372 2720 generis
386 2655 418 2704 ad
432 2659 509 2706 millia
521 2660 623 2726 viginti)
640 2661 744 2709 nuncius
757 2676 790 2713 ex
801 2665 860 2711 Ma·

20 2731 21 2734 ’
106 2729 213 2782 cedonia
224 2733 303 2795 venit,
318 2735 429 2800 Eropum
442 2735 583 2800 quemdam,
595 2749 714 2804 corrupto
723 2740 791 2788 arci!
799 2755 860 2805 prae·
937 2760 941 2770 ·

107 2805 210 2872 srdiique
222 2807 345 2874 praescdo,
363 2809 524 2876 Lychnidum
537 2810 638 2879 cepisse:
657 2823 739 2864 tenere
758 2815 783 2863 n
796 2815 860 2864 Das-

107 2885 255 2938 saretiorum
264 2887 384 2953 quosdam
392 2889 473 2952 vicos,
492 2891 518 2940 n
528 2891 742 2944 Dardanosctiam
753 2893 861 2942 concire.

109 2964 206 3018 omitto
223 2965 299 3030 igitur
316 2967 430 3018 Achaico
449 2969 527 3032 bello,
552 2969 642 3021 relidit
661 2982 744 3022 tamen
763 2969 861 3021 duobus
944 2963 952 2976 ⁹

108 3043 256 3097 millibus&
267 3046 409 3116 quingentis
426 3049 509 3100 omnic
520 3051 616 3117 generis
631 3058 784 3105 armatorum
802 3063 861 3100 cum

129 3125 207 3178 Tou,
224 3125 262 3189 11,
472 3129 492 3179 Ζ
757 3127 858 3196 Menip-
