<?xml version="1.0" encoding="UTF-8"?>
<!DOCTYPE html PUBLIC "-//W3C//DTD XHTML 1.0 Transitional//EN"
    "http://www.w3.org/TR/xhtml1/DTD/xhtml1-transitional.dtd">
<html xmlns="http://www.w3.org/1999/xhtml" xml:lang="en" lang="en">
 <head>
  <title>
</title>
<meta http-equiv="Content-Type" content="text/html;charset=utf-8" />
  <meta name='ocr-system' content='tesseract 3.04.00' />
  <meta name='ocr-capabilities' content='ocr_page ocr_carea ocr_par ocr_line ocrx_word'/>
</head>
<body>
  <div class='ocr_page' id='page_1' title='image "./historiarumabur00livygoog_0073.png"; bbox 0 0 2076 3612; ppageno 0'>
   <div class='ocr_carea' id='block_1_1' title="bbox 192 247 949 400">
    <p class='ocr_par' dir='ltr' id='par_1_1' title="bbox 192 247 949 400">
     <span class='ocr_line' id='line_1_1' title="bbox 192 247 664 320; baseline 0.002 -23"><span class='ocrx_word' id='word_1_1' title='bbox 192 248 227 298; x_wconf 76' lang='lat' dir='ltr'>er</span> <span class='ocrx_word' id='word_1_2' title='bbox 357 314 360 320; x_wconf 21' lang='grc'>1</span> <span class='ocrx_word' id='word_1_3' title='bbox 432 249 468 320; x_wconf 79' lang='lat' dir='ltr'>r.</span> <span class='ocrx_word' id='word_1_4' title='bbox 504 247 602 298; x_wconf 76' lang='lat' dir='ltr'>rrv</span> <span class='ocrx_word' id='word_1_5' title='bbox 619 247 664 298; x_wconf 89' lang='lat' dir='ltr'>rr</span> 
     </span>
     <span class='ocr_line' id='line_1_2' title="bbox 192 325 949 400; baseline 0.008 -18"><span class='ocrx_word' id='word_1_6' title='bbox 192 331 274 384; x_wconf 84' lang='lat' dir='ltr'>scente</span> <span class='ocrx_word' id='word_1_7' title='bbox 280 335 427 384; x_wconf 86' lang='lat' dir='ltr'>certamine.</span> <span class='ocrx_word' id='word_1_8' title='bbox 461 325 555 399; x_wconf 85' lang='lat' dir='ltr'>Urgent</span> <span class='ocrx_word' id='word_1_9' title='bbox 566 335 648 400; x_wconf 87' lang='lat' dir='ltr'>itaque</span> <span class='ocrx_word' id='word_1_10' title='bbox 657 333 699 382; x_wconf 85' lang='lat' dir='ltr'>alii</span> <span class='ocrx_word' id='word_1_11' title='bbox 711 333 781 397; x_wconf 84' lang='lat' dir='ltr'>alios,</span> <span class='ocrx_word' id='word_1_12' title='bbox 799 334 949 388; x_wconf 82' lang='lat' dir='ltr'>hortantur·</span> 
     </span>
    </p>
   </div>
   <div class='ocr_carea' id='block_1_2' title="bbox 116 412 1033 715">
    <p class='ocr_par' dir='ltr' id='par_1_2' title="bbox 116 412 1033 715">
     <span class='ocr_line' id='line_1_3' title="bbox 116 412 1033 484; baseline 0.005 -25"><span class='ocrx_word' id='word_1_13' title='bbox 116 417 117 424; x_wconf 77' lang='grc'>’</span> <span class='ocrx_word' id='word_1_14' title='bbox 193 425 242 475; x_wconf 89' lang='lat' dir='ltr'>que</span> <span class='ocrx_word' id='word_1_15' title='bbox 255 412 389 476; x_wconf 78' lang='lat' dir='ltr'>signiferos,</span> <span class='ocrx_word' id='word_1_16' title='bbox 398 425 426 463; x_wconf 93' lang='lat' dir='ltr'>ut</span> <span class='ocrx_word' id='word_1_17' title='bbox 438 415 507 464; x_wconf 79' lang='lat' dir='ltr'>ocius</span> <span class='ocrx_word' id='word_1_18' title='bbox 519 422 587 463; x_wconf 84' lang='lat' dir='ltr'>eant.</span> <span class='ocrx_word' id='word_1_19' title='bbox 598 425 653 478; x_wconf 86' lang='lat' dir='ltr'>¹quo</span> <span class='ocrx_word' id='word_1_20' title='bbox 663 415 741 476; x_wconf 84' lang='lat' dir='ltr'>magis</span> <span class='ocrx_word' id='word_1_21' title='bbox 752 413 892 466; x_wconf 78' lang='lat' dir='ltr'>festinantes</span> <span class='ocrx_word' id='word_1_22' title='bbox 904 417 948 464; x_wconf 85' lang='lat' dir='ltr'>vi·</span> <span class='ocrx_word' id='word_1_23' title='bbox 1032 467 1033 484; x_wconf 26' lang='lat' dir='ltr'>p</span> 
     </span>
     <span class='ocr_line' id='line_1_4' title="bbox 191 487 1033 557; baseline 0.008 -22"><span class='ocrx_word' id='word_1_24' title='bbox 191 487 356 553; x_wconf 65' lang='lat' dir='ltr'>dormitator,</span> <span class='ocrx_word' id='word_1_25' title='bbox 374 505 405 539; x_wconf 90' lang='lat' dir='ltr'>eo</span> <span class='ocrx_word' id='word_1_26' title='bbox 423 491 554 557; x_wconf 71' lang='lat' dir='ltr'>impensius</span> <span class='ocrx_word' id='word_1_27' title='bbox 574 501 681 539; x_wconf 88' lang='lat' dir='ltr'>retentat</span> <span class='ocrx_word' id='word_1_28' title='bbox 699 505 798 554; x_wconf 82' lang='lat' dir='ltr'>agmen,</span> <span class='ocrx_word' id='word_1_29' title='bbox 815 507 845 540; x_wconf 88' lang='lat' dir='ltr'>ac</span> <span class='ocrx_word' id='word_1_30' title='bbox 857 493 947 542; x_wconf 77' lang='lat' dir='ltr'>sensim</span> <span class='ocrx_word' id='word_1_31' title='bbox 1032 507 1033 552; x_wconf 60' lang='lat' dir='ltr'>t</span> 
     </span>
     <span class='ocr_line' id='line_1_5' title="bbox 193 566 1033 638; baseline 0.006 -22"><span class='ocrx_word' id='word_1_32' title='bbox 193 566 305 618; x_wconf 80' lang='lat' dir='ltr'>incedere</span> <span class='ocrx_word' id='word_1_33' title='bbox 316 570 396 632; x_wconf 88' lang='lat' dir='ltr'>jubet.</span> <span class='ocrx_word' id='word_1_34' title='bbox 431 570 527 619; x_wconf 78' lang='lat' dir='ltr'>Etrusci</span> <span class='ocrx_word' id='word_1_35' title='bbox 546 573 640 631; x_wconf 67' lang='lat' dir='ltr'>contri,</span> <span class='ocrx_word' id='word_1_36' title='bbox 658 569 783 636; x_wconf 86' lang='lat' dir='ltr'>principio</span> <span class='ocrx_word' id='word_1_37' title='bbox 801 572 879 620; x_wconf 84' lang='lat' dir='ltr'>exciti</span> <span class='ocrx_word' id='word_1_38' title='bbox 896 587 945 638; x_wconf 91' lang='lat' dir='ltr'>pu·</span> <span class='ocrx_word' id='word_1_39' title='bbox 1032 599 1033 614; x_wconf 58' lang='lat' dir='ltr'>r</span> 
     </span>
     <span class='ocr_line' id='line_1_6' title="bbox 193 647 1033 715; baseline 0.006 -21"><span class='ocrx_word' id='word_1_40' title='bbox 193 659 256 708; x_wconf 74' lang='lat' dir='ltr'>gnte,</span> <span class='ocrx_word' id='word_1_41' title='bbox 273 649 389 704; x_wconf 86' lang='lat' dir='ltr'>omnibus</span> <span class='ocrx_word' id='word_1_42' title='bbox 400 650 478 715; x_wconf 89' lang='lat' dir='ltr'>copiis</span> <span class='ocrx_word' id='word_1_43' title='bbox 489 649 599 698; x_wconf 86' lang='lat' dir='ltr'>aderant.</span> <span class='ocrx_word' id='word_1_44' title='bbox 624 651 656 696; x_wconf 87' lang='lat' dir='ltr'>Et</span> <span class='ocrx_word' id='word_1_45' title='bbox 668 647 739 714; x_wconf 91' lang='lat' dir='ltr'>super</span> <span class='ocrx_word' id='word_1_46' title='bbox 750 649 811 698; x_wconf 85' lang='lat' dir='ltr'>alios</span> <span class='ocrx_word' id='word_1_47' title='bbox 826 650 869 698; x_wconf 88' lang='lat' dir='ltr'>alii</span> <span class='ocrx_word' id='word_1_48' title='bbox 882 665 946 698; x_wconf 86' lang='lat' dir='ltr'>nun·</span> <span class='ocrx_word' id='word_1_49' title='bbox 1032 673 1033 704; x_wconf 58' lang='lat' dir='ltr'>r</span> 
     </span>
    </p>
   </div>
   <div class='ocr_carea' id='block_1_3' title="bbox 136 725 1033 869">
    <p class='ocr_par' dir='ltr' id='par_1_3' title="bbox 136 725 1033 869">
     <span class='ocr_line' id='line_1_7' title="bbox 136 725 1033 795; baseline 0.002 -19"><span class='ocrx_word' id='word_1_50' title='bbox 136 771 139 776; x_wconf 79' lang='grc'>,</span> <span class='ocrx_word' id='word_1_51' title='bbox 193 725 261 774; x_wconf 83' lang='lat' dir='ltr'>ciant</span> <span class='ocrx_word' id='word_1_52' title='bbox 280 727 503 790; x_wconf 72' lang='lat' dir='ltr'>diilatori‚‘ornnes</span> <span class='ocrx_word' id='word_1_53' title='bbox 520 728 631 791; x_wconf 82' lang='lat' dir='ltr'>legiones</span> <span class='ocrx_word' id='word_1_54' title='bbox 650 727 810 778; x_wconf 86' lang='lat' dir='ltr'>Etruscorum</span> <span class='ocrx_word' id='word_1_55' title='bbox 823 727 947 795; x_wconf 82' lang='lat' dir='ltr'>capcffilse</span> <span class='ocrx_word' id='word_1_56' title='bbox 1032 783 1033 788; x_wconf 65' lang='lat'>,</span> 
     </span>
     <span class='ocr_line' id='line_1_8' title="bbox 194 796 1033 869; baseline 0.012 -21"><span class='ocrx_word' id='word_1_57' title='bbox 194 796 320 866; x_wconf 78' lang='lat' dir='ltr'>pugnam3</span> <span class='ocrx_word' id='word_1_58' title='bbox 338 819 383 852; x_wconf 89' lang='lat' dir='ltr'>nec</span> <span class='ocrx_word' id='word_1_59' title='bbox 398 803 450 867; x_wconf 89' lang='lat' dir='ltr'>jam</span> <span class='ocrx_word' id='word_1_60' title='bbox 464 805 496 853; x_wconf 89' lang='lat' dir='ltr'>ab</span> <span class='ocrx_word' id='word_1_61' title='bbox 512 803 559 852; x_wconf 82' lang='lat' dir='ltr'>suis</span> <span class='ocrx_word' id='word_1_62' title='bbox 577 802 649 852; x_wconf 82' lang='lat' dir='ltr'>resrsli</span> <span class='ocrx_word' id='word_1_63' title='bbox 662 802 744 869; x_wconf 84' lang='lat' dir='ltr'>posse:</span> <span class='ocrx_word' id='word_1_64' title='bbox 763 804 787 852; x_wconf 69' lang='grc' dir='ltr'><strong>ἃ</strong></span> <span class='ocrx_word' id='word_1_65' title='bbox 800 803 852 868; x_wconf 90' lang='lat' dir='ltr'>ipse</span> <span class='ocrx_word' id='word_1_66' title='bbox 867 805 948 854; x_wconf 87' lang='lat' dir='ltr'>cernit</span> <span class='ocrx_word' id='word_1_67' title='bbox 1032 845 1033 858; x_wconf 51' lang='lat'>2</span> 
     </span>
    </p>
   </div>
   <div class='ocr_carea' id='block_1_4' title="bbox 193 879 1033 1024">
    <p class='ocr_par' dir='ltr' id='par_1_4' title="bbox 193 879 1033 1024">
     <span class='ocr_line' id='line_1_9' title="bbox 193 879 1033 948; baseline 0.006 -20"><span class='ocrx_word' id='word_1_68' title='bbox 193 893 226 928; x_wconf 79' lang='lat' dir='ltr'>ex</span> <span class='ocrx_word' id='word_1_69' title='bbox 239 879 363 948; x_wconf 88' lang='lat' dir='ltr'>superiore</span> <span class='ocrx_word' id='word_1_70' title='bbox 372 885 438 944; x_wconf 85' lang='lat' dir='ltr'>loco,</span> <span class='ocrx_word' id='word_1_71' title='bbox 456 884 482 932; x_wconf 90' lang='lat' dir='ltr'>in</span> <span class='ocrx_word' id='word_1_72' title='bbox 494 887 588 948; x_wconf 69' lang='lat' dir='ltr'>quanto</span> <span class='ocrx_word' id='word_1_73' title='bbox 603 881 743 931; x_wconf 84' lang='lat' dir='ltr'>discrimine</span> <span class='ocrx_word' id='word_1_74' title='bbox 758 881 896 948; x_wconf 76' lang='lat' dir='ltr'>praesidium</span> <span class='ocrx_word' id='word_1_75' title='bbox 911 883 947 932; x_wconf 89' lang='lat' dir='ltr'>es-</span> <span class='ocrx_word' id='word_1_76' title='bbox 1032 899 1033 948; x_wconf 70' lang='lat' dir='ltr'><strong>j</strong></span> 
     </span>
     <span class='ocr_line' id='line_1_10' title="bbox 194 956 1033 1024; baseline 0.007 -18"><span class='ocrx_word' id='word_1_77' title='bbox 194 956 239 1006; x_wconf 90' lang='lat' dir='ltr'>set.</span> <span class='ocrx_word' id='word_1_78' title='bbox 276 963 400 1024; x_wconf 78' lang='lat' dir='ltr'>Ceterum,</span> <span class='ocrx_word' id='word_1_79' title='bbox 419 959 475 1010; x_wconf 85' lang='lat' dir='ltr'>satis</span> <span class='ocrx_word' id='word_1_80' title='bbox 492 960 568 1010; x_wconf 89' lang='lat' dir='ltr'>sretus</span> <span class='ocrx_word' id='word_1_81' title='bbox 580 957 627 1008; x_wconf 87' lang='lat' dir='ltr'>else</span> <span class='ocrx_word' id='word_1_82' title='bbox 644 959 719 1007; x_wconf 88' lang='lat' dir='ltr'>etiam</span> <span class='ocrx_word' id='word_1_83' title='bbox 737 973 802 1007; x_wconf 86' lang='lat' dir='ltr'>nunc</span> <span class='ocrx_word' id='word_1_84' title='bbox 814 960 946 1012; x_wconf 89' lang='lat' dir='ltr'>tolerando</span> <span class='ocrx_word' id='word_1_85' title='bbox 1032 967 1033 1012; x_wconf 64' lang='lat' dir='ltr'>l</span> 
     </span>
    </p>
   </div>
   <div class='ocr_carea' id='block_1_5' title="bbox 141 1022 1033 1180">
    <p class='ocr_par' dir='ltr' id='par_1_5' title="bbox 141 1022 1033 1180">
     <span class='ocr_line' id='line_1_11' title="bbox 141 1022 944 1102; baseline 0.004 -19"><span class='ocrx_word' id='word_1_86' title='bbox 141 1095 152 1102; x_wconf 25' lang='grc' dir='ltr'><em>ό</em></span> <span class='ocrx_word' id='word_1_87' title='bbox 194 1036 324 1086; x_wconf 83' lang='lat' dir='ltr'>certamini</span> <span class='ocrx_word' id='word_1_88' title='bbox 335 1036 452 1101; x_wconf 86' lang='lat' dir='ltr'>legatum,</span> <span class='ocrx_word' id='word_1_89' title='bbox 469 1053 514 1086; x_wconf 89' lang='lat' dir='ltr'>nec</span> <span class='ocrx_word' id='word_1_90' title='bbox 526 1036 550 1086; x_wconf 89' lang='lat' dir='ltr'>sc</span> <span class='ocrx_word' id='word_1_91' title='bbox 566 1035 651 1102; x_wconf 79' lang='lat' dir='ltr'>procul</span> <span class='ocrx_word' id='word_1_92' title='bbox 669 1032 748 1084; x_wconf 83' lang='lat' dir='ltr'>abesse</span> <span class='ocrx_word' id='word_1_93' title='bbox 759 1022 870 1101; x_wconf 70' lang='lat' dir='ltr'>&#39;periculi</span> <span class='ocrx_word' id='word_1_94' title='bbox 885 1039 944 1086; x_wconf 89' lang='lat' dir='ltr'>vin·</span> 
     </span>
     <span class='ocr_line' id='line_1_12' title="bbox 195 1111 1033 1180; baseline 0 -18"><span class='ocrx_word' id='word_1_95' title='bbox 195 1113 286 1176; x_wconf 90' lang='lat' dir='ltr'>dicem,</span> <span class='ocrx_word' id='word_1_96' title='bbox 304 1119 378 1180; x_wconf 78' lang='lat' dir='ltr'>quarn</span> <span class='ocrx_word' id='word_1_97' title='bbox 392 1116 501 1163; x_wconf 75' lang='lat' dir='ltr'>maxime</span> <span class='ocrx_word' id='word_1_98' title='bbox 512 1114 567 1162; x_wconf 87' lang='lat' dir='ltr'>vult</span> <span class='ocrx_word' id='word_1_99' title='bbox 578 1113 675 1176; x_wconf 80' lang='lat' dir='ltr'>fatigari</span> <span class='ocrx_word' id='word_1_100' title='bbox 685 1111 784 1174; x_wconf 81' lang='lat' dir='ltr'>hostem,</span> <span class='ocrx_word' id='word_1_101' title='bbox 801 1123 830 1161; x_wconf 90' lang='lat' dir='ltr'>ut</span> <span class='ocrx_word' id='word_1_102' title='bbox 841 1115 944 1178; x_wconf 79' lang='lat' dir='ltr'>integris</span> <span class='ocrx_word' id='word_1_103' title='bbox 1032 1129 1033 1162; x_wconf 67' lang='lat' dir='ltr'>r</span> 
     </span>
    </p>
   </div>
   <div class='ocr_carea' id='block_1_6' title="bbox 186 1191 1033 1336">
    <p class='ocr_par' dir='ltr' id='par_1_6' title="bbox 186 1191 1033 1336">
     <span class='ocr_line' id='line_1_13' title="bbox 195 1191 1033 1258; baseline 0.004 -18"><span class='ocrx_word' id='word_1_104' title='bbox 195 1193 323 1242; x_wconf 85' lang='lat' dir='ltr'>adoriatur</span> <span class='ocrx_word' id='word_1_105' title='bbox 335 1195 429 1242; x_wconf 88' lang='lat' dir='ltr'>viribus</span> <span class='ocrx_word' id='word_1_106' title='bbox 440 1191 521 1242; x_wconf 85' lang='lat' dir='ltr'>sessos.</span> <span class='ocrx_word' id='word_1_107' title='bbox 557 1195 706 1256; x_wconf 81' lang='lat' dir='ltr'>Quanquam</span> <span class='ocrx_word' id='word_1_108' title='bbox 721 1191 783 1240; x_wconf 76' lang='lat' dir='ltr'>lente</span> <span class='ocrx_word' id='word_1_109' title='bbox 795 1193 944 1258; x_wconf 84' lang='lat' dir='ltr'>procedunt,</span> <span class='ocrx_word' id='word_1_110' title='bbox 1031 1195 1033 1214; x_wconf 68' lang='lat'><strong><em>¹</em></strong></span> 
     </span>
     <span class='ocr_line' id='line_1_14' title="bbox 186 1261 1033 1336; baseline 0.004 -20"><span class='ocrx_word' id='word_1_111' title='bbox 186 1266 245 1332; x_wconf 58' lang='lat' dir='ltr'>qam</span> <span class='ocrx_word' id='word_1_112' title='bbox 258 1279 340 1318; x_wconf 84' lang='lat' dir='ltr'>tamen</span> <span class='ocrx_word' id='word_1_113' title='bbox 352 1269 382 1318; x_wconf 88' lang='lat' dir='ltr'>ad</span> <span class='ocrx_word' id='word_1_114' title='bbox 394 1270 513 1336; x_wconf 90' lang='lat' dir='ltr'>impetum</span> <span class='ocrx_word' id='word_1_115' title='bbox 525 1268 682 1336; x_wconf 85' lang='lat' dir='ltr'>capiendum,</span> <span class='ocrx_word' id='word_1_116' title='bbox 699 1270 774 1334; x_wconf 88' lang='lat' dir='ltr'>equiti</span> <span class='ocrx_word' id='word_1_117' title='bbox 783 1269 878 1334; x_wconf 86' lang='lat' dir='ltr'>utique,</span> <span class='ocrx_word' id='word_1_118' title='bbox 888 1285 946 1322; x_wconf 65' lang='lat' dir='ltr'>mo»</span> <span class='ocrx_word' id='word_1_119' title='bbox 1032 1261 1033 1278; x_wconf 59' lang='lat'>¹</span> 
     </span>
    </p>
   </div>
   <div class='ocr_carea' id='block_1_7' title="bbox 195 1331 1033 1414">
    <p class='ocr_par' dir='ltr' id='par_1_7' title="bbox 195 1331 1033 1414">
     <span class='ocr_line' id='line_1_15' title="bbox 195 1331 1033 1414; baseline 0.005 -19"><span class='ocrx_word' id='word_1_120' title='bbox 195 1347 278 1396; x_wconf 86' lang='lat' dir='ltr'>dicum</span> <span class='ocrx_word' id='word_1_121' title='bbox 290 1357 341 1395; x_wconf 80' lang='lat' dir='ltr'>erat</span> <span class='ocrx_word' id='word_1_122' title='bbox 353 1347 467 1413; x_wconf 83' lang='lat' dir='ltr'>spatium.</span> <span class='ocrx_word' id='word_1_123' title='bbox 484 1349 563 1414; x_wconf 87' lang='lat' dir='ltr'>prima</span> <span class='ocrx_word' id='word_1_124' title='bbox 574 1344 720 1397; x_wconf 84' lang='lat' dir='ltr'>incedebant</span> <span class='ocrx_word' id='word_1_125' title='bbox 731 1348 796 1412; x_wconf 82' lang='lat' dir='ltr'>figna</span> <span class='ocrx_word' id='word_1_126' title='bbox 806 1348 945 1413; x_wconf 81' lang='lat' dir='ltr'>legionum,</span> <span class='ocrx_word' id='word_1_127' title='bbox 1019 1331 1033 1372; x_wconf 54' lang='lat'>&#39;3</span> 
     </span>
    </p>
   </div>
   <div class='ocr_carea' id='block_1_8' title="bbox 162 1420 1033 1729">
    <p class='ocr_par' dir='ltr' id='par_1_8' title="bbox 162 1420 1033 1732">
     <span class='ocr_line' id='line_1_16' title="bbox 193 1420 1033 1494; baseline 0.01 -20"><span class='ocrx_word' id='word_1_128' title='bbox 193 1439 225 1474; x_wconf 88' lang='lat' dir='ltr'>ne</span> <span class='ocrx_word' id='word_1_129' title='bbox 238 1423 297 1489; x_wconf 87' lang='lat' dir='ltr'>quid</span> <span class='ocrx_word' id='word_1_130' title='bbox 309 1425 433 1474; x_wconf 89' lang='lat' dir='ltr'>occultum</span> <span class='ocrx_word' id='word_1_131' title='bbox 450 1437 494 1476; x_wconf 89' lang='lat' dir='ltr'>aut</span> <span class='ocrx_word' id='word_1_132' title='bbox 511 1420 667 1494; x_wconf 81' lang='lat' dir='ltr'>repentinum</span> <span class='ocrx_word' id='word_1_133' title='bbox 685 1427 759 1476; x_wconf 81' lang='lat' dir='ltr'>hostis</span> <span class='ocrx_word' id='word_1_134' title='bbox 771 1430 883 1478; x_wconf 86' lang='lat' dir='ltr'>timeret:</span> <span class='ocrx_word' id='word_1_135' title='bbox 903 1427 945 1478; x_wconf 88' lang='lat' dir='ltr'>sed</span> <span class='ocrx_word' id='word_1_136' title='bbox 1032 1443 1033 1482; x_wconf 77' lang='lat'>3</span> 
     </span>
     <span class='ocr_line' id='line_1_17' title="bbox 194 1501 1033 1573; baseline 0.002 -19"><span class='ocrx_word' id='word_1_137' title='bbox 194 1501 326 1566; x_wconf 75' lang='lat' dir='ltr'>reliquerat</span> <span class='ocrx_word' id='word_1_138' title='bbox 339 1505 469 1554; x_wconf 84' lang='lat' dir='ltr'>intervalla</span> <span class='ocrx_word' id='word_1_139' title='bbox 487 1505 551 1554; x_wconf 86' lang='lat' dir='ltr'>inter</span> <span class='ocrx_word' id='word_1_140' title='bbox 568 1504 669 1557; x_wconf 71' lang='lat' dir='ltr'>,ordines</span> <span class='ocrx_word' id='word_1_141' title='bbox 687 1505 805 1573; x_wconf 86' lang='lat' dir='ltr'>pediturn,</span> <span class='ocrx_word' id='word_1_142' title='bbox 823 1507 872 1573; x_wconf 69' lang='lat' dir='ltr'>qui</span> <span class='ocrx_word' id='word_1_143' title='bbox 887 1506 946 1557; x_wconf 87' lang='lat' dir='ltr'>satis</span> <span class='ocrx_word' id='word_1_144' title='bbox 1032 1521 1033 1568; x_wconf 68' lang='lat' dir='ltr'>j</span> 
     </span>
     <span class='ocr_line' id='line_1_18' title="bbox 162 1569 1033 1651; baseline 0.005 -20"><span class='ocrx_word' id='word_1_145' title='bbox 162 1611 165 1620; x_wconf 87' lang='lat'>.</span> <span class='ocrx_word' id='word_1_146' title='bbox 193 1579 252 1631; x_wconf 84' lang='lat' dir='ltr'>laxo</span> <span class='ocrx_word' id='word_1_147' title='bbox 262 1579 342 1646; x_wconf 88' lang='lat' dir='ltr'>spatio</span> <span class='ocrx_word' id='word_1_148' title='bbox 354 1585 411 1648; x_wconf 86' lang='lat' dir='ltr'>equi</span> <span class='ocrx_word' id='word_1_149' title='bbox 424 1584 534 1650; x_wconf 82' lang='lat' dir='ltr'>permitti</span> <span class='ocrx_word' id='word_1_150' title='bbox 543 1583 648 1651; x_wconf 79' lang='lat' dir='ltr'>possent.</span> <span class='ocrx_word' id='word_1_151' title='bbox 683 1585 777 1634; x_wconf 85' lang='lat' dir='ltr'>Pariter</span> <span class='ocrx_word' id='word_1_152' title='bbox 788 1583 882 1635; x_wconf 88' lang='lat' dir='ltr'>sullulit</span> <span class='ocrx_word' id='word_1_153' title='bbox 893 1585 946 1634; x_wconf 86' lang='lat' dir='ltr'>cla·</span> <span class='ocrx_word' id='word_1_154' title='bbox 1032 1569 1033 1628; x_wconf 65' lang='grc' dir='ltr'>Ῐ</span> 
     </span>
     <span class='ocr_line' id='line_1_19' title="bbox 192 1659 1033 1729; baseline 0.01 -21"><span class='ocrx_word' id='word_1_155' title='bbox 192 1675 290 1709; x_wconf 85' lang='lat' dir='ltr'>morem</span> <span class='ocrx_word' id='word_1_156' title='bbox 303 1661 367 1712; x_wconf 81' lang='lat' dir='ltr'>acies</span> <span class='ocrx_word' id='word_1_157' title='bbox 377 1659 426 1732; x_wconf 71' lang='lat'>3³&amp;</span> <span class='ocrx_word' id='word_1_158' title='bbox 442 1662 538 1712; x_wconf 88' lang='lat' dir='ltr'>emissus</span> <span class='ocrx_word' id='word_1_159' title='bbox 550 1677 624 1729; x_wconf 86' lang='lat' dir='ltr'>eques</span> <span class='ocrx_word' id='word_1_160' title='bbox 636 1663 716 1713; x_wconf 89' lang='lat' dir='ltr'>libero</span> <span class='ocrx_word' id='word_1_161' title='bbox 726 1661 797 1712; x_wconf 88' lang='lat' dir='ltr'>cursu</span> <span class='ocrx_word' id='word_1_162' title='bbox 808 1663 833 1712; x_wconf 88' lang='lat' dir='ltr'>in</span> <span class='ocrx_word' id='word_1_163' title='bbox 849 1663 945 1715; x_wconf 87' lang='lat' dir='ltr'>holiem</span> <span class='ocrx_word' id='word_1_164' title='bbox 1032 1663 1033 1724; x_wconf 58' lang='grc' dir='ltr'><em>ἒ</em></span> 
     </span>
    </p>
   </div>
   <div class='ocr_carea' id='block_1_9' title="bbox 194 1739 983 1809">
    <p class='ocr_par' dir='ltr' id='par_1_9' title="bbox 194 1739 983 1809">
     <span class='ocr_line' id='line_1_20' title="bbox 194 1739 983 1809; baseline 0.008 -23"><span class='ocrx_word' id='word_1_165' title='bbox 194 1739 329 1802; x_wconf 84' lang='lat' dir='ltr'>invehitur,</span> <span class='ocrx_word' id='word_1_166' title='bbox 347 1741 564 1807; x_wconf 83' lang='lat' dir='ltr'>incompofitisque</span> <span class='ocrx_word' id='word_1_167' title='bbox 576 1742 692 1792; x_wconf 87' lang='lat' dir='ltr'>adversus</span> <span class='ocrx_word' id='word_1_168' title='bbox 704 1741 836 1808; x_wconf 86' lang='lat' dir='ltr'>equestrem</span> <span class='ocrx_word' id='word_1_169' title='bbox 849 1744 945 1809; x_wconf 84' lang='lat' dir='ltr'>procel·</span> <span class='ocrx_word' id='word_1_170' title='bbox 977 1767 983 1774; x_wconf 94' lang='lat'><strong>·</strong></span> 
     </span>
    </p>
   </div>
   <div class='ocr_carea' id='block_1_10' title="bbox 192 1815 1033 2192">
    <p class='ocr_par' dir='ltr' id='par_1_10' title="bbox 192 1809 1033 2192">
     <span class='ocr_line' id='line_1_21' title="bbox 192 1815 1033 1886; baseline 0.004 -20"><span class='ocrx_word' id='word_1_171' title='bbox 192 1815 242 1866; x_wconf 81' lang='lat' dir='ltr'>lam</span> <span class='ocrx_word' id='word_1_172' title='bbox 255 1815 364 1867; x_wconf 81' lang='lat' dir='ltr'>subitum</span> <span class='ocrx_word' id='word_1_173' title='bbox 377 1834 496 1886; x_wconf 85' lang='lat' dir='ltr'>pavorem</span> <span class='ocrx_word' id='word_1_174' title='bbox 509 1819 625 1869; x_wconf 82' lang='lat' dir='ltr'>offundit.</span> <span class='ocrx_word' id='word_1_175' title='bbox 660 1822 754 1886; x_wconf 86' lang='lat' dir='ltr'>Itaque,</span> <span class='ocrx_word' id='word_1_176' title='bbox 772 1827 801 1867; x_wconf 90' lang='lat' dir='ltr'>ut</span> <span class='ocrx_word' id='word_1_177' title='bbox 815 1821 892 1884; x_wconf 88' lang='lat' dir='ltr'>prope&#39;</span> <span class='ocrx_word' id='word_1_178' title='bbox 907 1817 944 1868; x_wconf 86' lang='lat' dir='ltr'>se·</span> <span class='ocrx_word' id='word_1_179' title='bbox 1032 1865 1033 1884; x_wconf 35' lang='lat' dir='ltr'>p</span> 
     </span>
     <span class='ocr_line' id='line_1_22' title="bbox 192 1895 1033 1970; baseline -0.001 -25"><span class='ocrx_word' id='word_1_180' title='bbox 192 1909 249 1945; x_wconf 88' lang='lat' dir='ltr'>turn</span> <span class='ocrx_word' id='word_1_181' title='bbox 260 1895 442 1963; x_wconf 81' lang='lat' dir='ltr'>auxiliumjam</span> <span class='ocrx_word' id='word_1_182' title='bbox 453 1901 513 1966; x_wconf 72' lang='lat' dir='ltr'>pene</span> <span class='ocrx_word' id='word_1_183' title='bbox 529 1899 714 1961; x_wconf 84' lang='lat' dir='ltr'>circumventis,</span> <span class='ocrx_word' id='word_1_184' title='bbox 732 1899 766 1970; x_wconf 82' lang='lat' dir='ltr'>ita</span> <span class='ocrx_word' id='word_1_185' title='bbox 777 1895 893 1946; x_wconf 87' lang='lat' dir='ltr'>universa</span> <span class='ocrx_word' id='word_1_186' title='bbox 904 1911 944 1946; x_wconf 86' lang='lat' dir='ltr'>re·</span> <span class='ocrx_word' id='word_1_187' title='bbox 1032 1921 1033 1930; x_wconf 28' lang='grc' dir='ltr'><strong>κ</strong></span> 
     </span>
     <span class='ocr_line' id='line_1_23' title="bbox 193 1969 1033 2043; baseline -0.001 -20"><span class='ocrx_word' id='word_1_188' title='bbox 193 1975 262 2039; x_wconf 88' lang='lat' dir='ltr'>quies</span> <span class='ocrx_word' id='word_1_189' title='bbox 280 1969 396 2027; x_wconf 61' lang='lat' dir='ltr'>data&#39;esiss</span> <span class='ocrx_word' id='word_1_190' title='bbox 416 1979 505 2040; x_wconf 86' lang='lat' dir='ltr'>integri</span> <span class='ocrx_word' id='word_1_191' title='bbox 517 1993 633 2043; x_wconf 87' lang='lat' dir='ltr'>accepere</span> <span class='ocrx_word' id='word_1_192' title='bbox 648 1991 773 2040; x_wconf 88' lang='lat' dir='ltr'>pugnam:</span> <span class='ocrx_word' id='word_1_193' title='bbox 791 1984 877 2024; x_wconf 82' lang='lat' dir='ltr'>necea</span> <span class='ocrx_word' id='word_1_194' title='bbox 892 1973 947 2040; x_wconf 70' lang='lat' dir='ltr'>ipsa</span> <span class='ocrx_word' id='word_1_195' title='bbox 1032 2005 1033 2038; x_wconf 62' lang='lat'>3</span> 
     </span>
     <span class='ocr_line' id='line_1_24' title="bbox 192 2051 1033 2120; baseline -0.001 -18"><span class='ocrx_word' id='word_1_196' title='bbox 192 2052 277 2116; x_wconf 84' lang='lat' dir='ltr'>longa,</span> <span class='ocrx_word' id='word_1_197' title='bbox 300 2065 344 2103; x_wconf 87' lang='lat' dir='ltr'>aut</span> <span class='ocrx_word' id='word_1_198' title='bbox 360 2069 449 2120; x_wconf 80' lang='lat' dir='ltr'>anceps</span> <span class='ocrx_word' id='word_1_199' title='bbox 466 2055 522 2103; x_wconf 88' lang='lat' dir='ltr'>suit.</span> <span class='ocrx_word' id='word_1_200' title='bbox 558 2054 613 2101; x_wconf 83' lang='lat' dir='ltr'>Fusr</span> <span class='ocrx_word' id='word_1_201' title='bbox 629 2053 708 2100; x_wconf 86' lang='lat' dir='ltr'>holles</span> <span class='ocrx_word' id='word_1_202' title='bbox 729 2051 803 2098; x_wconf 86' lang='lat' dir='ltr'>casira</span> <span class='ocrx_word' id='word_1_203' title='bbox 821 2063 947 2117; x_wconf 87' lang='lat' dir='ltr'>repetunt,</span> <span class='ocrx_word' id='word_1_204' title='bbox 1032 2061 1033 2068; x_wconf 57' lang='lat'>¹</span> 
     </span>
     <span class='ocr_line' id='line_1_25' title="bbox 194 2124 1033 2192; baseline -0.001 -15"><span class='ocrx_word' id='word_1_205' title='bbox 194 2127 403 2192; x_wconf 85' lang='lat' dir='ltr'>inferentibusque</span> <span class='ocrx_word' id='word_1_206' title='bbox 412 2133 464 2192; x_wconf 87' lang='lat' dir='ltr'>jam</span> <span class='ocrx_word' id='word_1_207' title='bbox 477 2129 541 2190; x_wconf 88' lang='lat' dir='ltr'>ligna</span> <span class='ocrx_word' id='word_1_208' title='bbox 553 2127 671 2176; x_wconf 88' lang='lat' dir='ltr'>Romanis</span> <span class='ocrx_word' id='word_1_209' title='bbox 687 2124 784 2184; x_wconf 88' lang='lat' dir='ltr'>cedunt,</span> <span class='ocrx_word' id='word_1_210' title='bbox 802 2127 828 2172; x_wconf 75' lang='lat' dir='ltr'>St</span> <span class='ocrx_word' id='word_1_211' title='bbox 838 2127 865 2173; x_wconf 87' lang='lat' dir='ltr'>in</span> <span class='ocrx_word' id='word_1_212' title='bbox 884 2131 948 2178; x_wconf 85' lang='lat' dir='ltr'>ulti·</span> <span class='ocrx_word' id='word_1_213' title='bbox 1032 2157 1033 2168; x_wconf 45' lang='lat' dir='ltr'>r</span> 
     </span>
    </p>
   </div>
   <div class='ocr_carea' id='block_1_11' title="bbox 191 2201 946 2270">
    <p class='ocr_par' dir='ltr' id='par_1_11' title="bbox 191 2201 946 2270">
     <span class='ocr_line' id='line_1_26' title="bbox 191 2201 946 2270; baseline -0.009 -17"><span class='ocrx_word' id='word_1_214' title='bbox 191 2219 258 2253; x_wconf 89' lang='lat' dir='ltr'>mam</span> <span class='ocrx_word' id='word_1_215' title='bbox 271 2203 404 2252; x_wconf 89' lang='lat' dir='ltr'>castrorum</span> <span class='ocrx_word' id='word_1_216' title='bbox 417 2214 511 2270; x_wconf 86' lang='lat' dir='ltr'>partem</span> <span class='ocrx_word' id='word_1_217' title='bbox 530 2201 720 2266; x_wconf 82' lang='lat' dir='ltr'>conglobantur.</span> <span class='ocrx_word' id='word_1_218' title='bbox 754 2202 856 2248; x_wconf 82' lang='lat' dir='ltr'>Haerent</span> <span class='ocrx_word' id='word_1_219' title='bbox 875 2201 946 2268; x_wconf 79' lang='lat' dir='ltr'>sugi.</span> 
     </span>
    </p>
   </div>
   <div class='ocr_carea' id='block_1_12' title="bbox 185 2279 1033 2424">
    <p class='ocr_par' dir='ltr' id='par_1_12' title="bbox 185 2279 1033 2424">
     <span class='ocr_line' id='line_1_27' title="bbox 191 2279 1033 2346; baseline 0.012 -21"><span class='ocrx_word' id='word_1_220' title='bbox 191 2289 258 2326; x_wconf 88' lang='lat' dir='ltr'>entes</span> <span class='ocrx_word' id='word_1_221' title='bbox 270 2279 296 2326; x_wconf 90' lang='lat' dir='ltr'>in</span> <span class='ocrx_word' id='word_1_222' title='bbox 307 2280 422 2342; x_wconf 79' lang='lat' dir='ltr'>angustiis</span> <span class='ocrx_word' id='word_1_223' title='bbox 433 2291 575 2346; x_wconf 85' lang='lat' dir='ltr'>portarurn:</span> <span class='ocrx_word' id='word_1_224' title='bbox 595 2291 649 2344; x_wconf 88' lang='lat' dir='ltr'>pars</span> <span class='ocrx_word' id='word_1_225' title='bbox 660 2289 749 2338; x_wconf 87' lang='lat' dir='ltr'>magna</span> <span class='ocrx_word' id='word_1_226' title='bbox 761 2291 876 2346; x_wconf 79' lang='lat' dir='ltr'>aggerem</span> <span class='ocrx_word' id='word_1_227' title='bbox 889 2282 945 2331; x_wconf 86' lang='lat' dir='ltr'>val·</span> <span class='ocrx_word' id='word_1_228' title='bbox 1032 2317 1033 2334; x_wconf 39' lang='lat' dir='ltr'>r</span> 
     </span>
     <span class='ocr_line' id='line_1_28' title="bbox 185 2349 1033 2424; baseline 0.004 -18"><span class='ocrx_word' id='word_1_229' title='bbox 185 2349 293 2420; x_wconf 78' lang='lat' dir='ltr'>¹lumque</span> <span class='ocrx_word' id='word_1_230' title='bbox 306 2357 481 2418; x_wconf 85' lang='lat' dir='ltr'>conscendunt,</span> <span class='ocrx_word' id='word_1_231' title='bbox 500 2356 568 2404; x_wconf 80' lang='lat' dir='ltr'>sraut</span> <span class='ocrx_word' id='word_1_232' title='bbox 582 2369 613 2403; x_wconf 80' lang='lat' dir='ltr'>ex</span> <span class='ocrx_word' id='word_1_233' title='bbox 629 2351 755 2418; x_wconf 86' lang='lat' dir='ltr'>superiore</span> <span class='ocrx_word' id='word_1_234' title='bbox 766 2355 823 2404; x_wconf 89' lang='lat' dir='ltr'>loco</span> <span class='ocrx_word' id='word_1_235' title='bbox 836 2359 899 2407; x_wconf 88' lang='lat' dir='ltr'>tueri</span> <span class='ocrx_word' id='word_1_236' title='bbox 909 2359 945 2424; x_wconf 88' lang='lat' dir='ltr'>se,</span> <span class='ocrx_word' id='word_1_237' title='bbox 1032 2361 1033 2374; x_wconf 64' lang='lat'>¹</span> 
     </span>
    </p>
   </div>
   <div class='ocr_carea' id='block_1_13' title="bbox 185 2431 943 2805">
    <p class='ocr_par' dir='ltr' id='par_1_13' title="bbox 185 2431 943 2805">
     <span class='ocr_line' id='line_1_29' title="bbox 191 2431 943 2499; baseline 0.007 -17"><span class='ocrx_word' id='word_1_238' title='bbox 191 2443 235 2482; x_wconf 88' lang='lat' dir='ltr'>aut</span> <span class='ocrx_word' id='word_1_239' title='bbox 247 2431 358 2498; x_wconf 79' lang='lat' dir='ltr'>superare</span> <span class='ocrx_word' id='word_1_240' title='bbox 369 2435 449 2499; x_wconf 74' lang='lat' dir='ltr'>aliqui</span> <span class='ocrx_word' id='word_1_241' title='bbox 462 2433 602 2483; x_wconf 84' lang='lat' dir='ltr'>&amp;evadere</span> <span class='ocrx_word' id='word_1_242' title='bbox 615 2431 719 2498; x_wconf 88' lang='lat' dir='ltr'>possent.</span> <span class='ocrx_word' id='word_1_243' title='bbox 744 2435 818 2482; x_wconf 66' lang='lat' dir='ltr'>Fortia</span> <span class='ocrx_word' id='word_1_244' title='bbox 833 2435 943 2499; x_wconf 85' lang='lat' dir='ltr'>quodam</span> 
     </span>
     <span class='ocr_line' id='line_1_30' title="bbox 185 2507 942 2577; baseline 0.004 -19"><span class='ocrx_word' id='word_1_245' title='bbox 185 2509 248 2558; x_wconf 87' lang='lat' dir='ltr'>&#39;loco</span> <span class='ocrx_word' id='word_1_246' title='bbox 275 2509 337 2558; x_wconf 72' lang='lat' dir='ltr'>malt</span> <span class='ocrx_word' id='word_1_247' title='bbox 357 2508 469 2558; x_wconf 87' lang='lat' dir='ltr'>densatus</span> <span class='ocrx_word' id='word_1_248' title='bbox 490 2523 566 2572; x_wconf 84' lang='lat' dir='ltr'>agger</span> <span class='ocrx_word' id='word_1_249' title='bbox 586 2507 694 2575; x_wconf 87' lang='lat' dir='ltr'>pondere</span> <span class='ocrx_word' id='word_1_250' title='bbox 712 2509 897 2577; x_wconf 87' lang='lat' dir='ltr'>superstantium</span> <span class='ocrx_word' id='word_1_251' title='bbox 915 2513 942 2562; x_wconf 86' lang='lat' dir='ltr'>in</span> 
     </span>
     <span class='ocr_line' id='line_1_31' title="bbox 186 2583 941 2654; baseline 0.004 -20"><span class='ocrx_word' id='word_1_252' title='bbox 186 2583 277 2635; x_wconf 80' lang='lat' dir='ltr'>&#39;solsam</span> <span class='ocrx_word' id='word_1_253' title='bbox 289 2585 435 2651; x_wconf 86' lang='lat' dir='ltr'>procubuit:</span> <span class='ocrx_word' id='word_1_254' title='bbox 454 2597 526 2650; x_wconf 82' lang='lat' dir='ltr'>atque</span> <span class='ocrx_word' id='word_1_255' title='bbox 538 2586 567 2634; x_wconf 69' lang='lat' dir='ltr'>ea</span> <span class='ocrx_word' id='word_1_256' title='bbox 581 2601 657 2650; x_wconf 90' lang='lat' dir='ltr'>quum</span> <span class='ocrx_word' id='word_1_257' title='bbox 672 2589 740 2637; x_wconf 87' lang='lat' dir='ltr'>Deos</span> <span class='ocrx_word' id='word_1_258' title='bbox 753 2588 857 2654; x_wconf 85' lang='lat' dir='ltr'>pandere</span> <span class='ocrx_word' id='word_1_259' title='bbox 870 2589 941 2652; x_wconf 84' lang='lat' dir='ltr'>viam</span> 
     </span>
     <span class='ocr_line' id='line_1_32' title="bbox 190 2656 941 2727; baseline 0.007 -22"><span class='ocrx_word' id='word_1_260' title='bbox 190 2656 255 2720; x_wconf 71' lang='lat' dir='ltr'>suga</span> <span class='ocrx_word' id='word_1_261' title='bbox 264 2659 460 2722; x_wconf 24' lang='lat' dir='ltr'>conclamllssent,</span> <span class='ocrx_word' id='word_1_262' title='bbox 477 2661 557 2726; x_wconf 87' lang='lat' dir='ltr'>plures</span> <span class='ocrx_word' id='word_1_263' title='bbox 567 2660 680 2724; x_wconf 89' lang='lat' dir='ltr'>inermes,</span> <span class='ocrx_word' id='word_1_264' title='bbox 693 2667 766 2727; x_wconf 77' lang='lat' dir='ltr'>quam</span> <span class='ocrx_word' id='word_1_265' title='bbox 775 2662 871 2724; x_wconf 86' lang='lat' dir='ltr'>armati,</span> <span class='ocrx_word' id='word_1_266' title='bbox 880 2677 941 2710; x_wconf 85' lang='lat' dir='ltr'>eva-</span> 
     </span>
     <span class='ocr_line' id='line_1_33' title="bbox 190 2733 940 2805; baseline 0.008 -21"><span class='ocrx_word' id='word_1_267' title='bbox 190 2733 261 2785; x_wconf 88' lang='lat' dir='ltr'>dunt.</span> <span class='ocrx_word' id='word_1_268' title='bbox 298 2737 354 2787; x_wconf 89' lang='lat' dir='ltr'>Hoc</span> <span class='ocrx_word' id='word_1_269' title='bbox 373 2739 458 2805; x_wconf 87' lang='lat' dir='ltr'>proelio</span> <span class='ocrx_word' id='word_1_270' title='bbox 474 2737 555 2788; x_wconf 71' lang='lat' dir='ltr'>fratta</span> <span class='ocrx_word' id='word_1_271' title='bbox 572 2739 662 2788; x_wconf 88' lang='lat' dir='ltr'>iterum</span> <span class='ocrx_word' id='word_1_272' title='bbox 681 2739 839 2789; x_wconf 87' lang='lat' dir='ltr'>Etruscorum</span> <span class='ocrx_word' id='word_1_273' title='bbox 858 2739 940 2790; x_wconf 85' lang='lat' dir='ltr'>vires:</span> 
     </span>
    </p>
   </div>
   <div class='ocr_carea' id='block_1_14' title="bbox 102 2810 940 2883">
    <p class='ocr_par' dir='ltr' id='par_1_14' title="bbox 102 2810 940 2883">
     <span class='ocr_line' id='line_1_34' title="bbox 102 2810 940 2883; baseline 0.006 -22"><span class='ocrx_word' id='word_1_274' title='bbox 102 2873 104 2880; x_wconf 21' lang='lat' dir='ltr'>y</span> <span class='ocrx_word' id='word_1_275' title='bbox 186 2813 224 2876; x_wconf 60' lang='grc' dir='ltr'>ἃ,</span> <span class='ocrx_word' id='word_1_276' title='bbox 242 2813 314 2881; x_wconf 76' lang='lat' dir='ltr'>pasto</span> <span class='ocrx_word' id='word_1_277' title='bbox 330 2831 413 2866; x_wconf 89' lang='lat' dir='ltr'>annuo</span> <span class='ocrx_word' id='word_1_278' title='bbox 426 2815 554 2883; x_wconf 86' lang='lat' dir='ltr'>stipendio,</span> <span class='ocrx_word' id='word_1_279' title='bbox 574 2817 598 2866; x_wconf 76' lang='lat' dir='ltr'>Se</span> <span class='ocrx_word' id='word_1_280' title='bbox 611 2816 687 2866; x_wconf 76' lang='lat' dir='ltr'>duam</span> <span class='ocrx_word' id='word_1_281' title='bbox 699 2816 816 2865; x_wconf 74' lang='lat' dir='ltr'>mensium</span> <span class='ocrx_word' id='word_1_282' title='bbox 829 2810 940 2866; x_wconf 82' lang='lat' dir='ltr'>frumen-</span> 
     </span>
    </p>
   </div>
   <div class='ocr_carea' id='block_1_15' title="bbox 190 2885 941 3037">
    <p class='ocr_par' dir='ltr' id='par_1_15' title="bbox 190 2885 941 3037">
     <span class='ocr_line' id='line_1_35' title="bbox 190 2885 941 2958; baseline 0.003 -20"><span class='ocrx_word' id='word_1_283' title='bbox 190 2885 228 2953; x_wconf 86' lang='lat' dir='ltr'>to,</span> <span class='ocrx_word' id='word_1_284' title='bbox 246 2889 386 2956; x_wconf 85' lang='lat' dir='ltr'>permissum</span> <span class='ocrx_word' id='word_1_285' title='bbox 397 2891 429 2942; x_wconf 88' lang='lat' dir='ltr'>ab</span> <span class='ocrx_word' id='word_1_286' title='bbox 443 2894 570 2957; x_wconf 75' lang='lat' dir='ltr'>diiiatore,</span> <span class='ocrx_word' id='word_1_287' title='bbox 586 2903 615 2941; x_wconf 91' lang='lat' dir='ltr'>ut</span> <span class='ocrx_word' id='word_1_288' title='bbox 626 2891 656 2942; x_wconf 88' lang='lat' dir='ltr'>de</span> <span class='ocrx_word' id='word_1_289' title='bbox 674 2907 732 2958; x_wconf 87' lang='lat' dir='ltr'>pace</span> <span class='ocrx_word' id='word_1_290' title='bbox 753 2893 847 2955; x_wconf 88' lang='lat' dir='ltr'>legatos</span> <span class='ocrx_word' id='word_1_291' title='bbox 857 2894 941 2941; x_wconf 87' lang='lat' dir='ltr'>mitre·</span> 
     </span>
     <span class='ocr_line' id='line_1_36' title="bbox 190 2967 940 3037; baseline -0.005 -17"><span class='ocrx_word' id='word_1_292' title='bbox 190 2981 247 3020; x_wconf 87' lang='lat' dir='ltr'>rent</span> <span class='ocrx_word' id='word_1_293' title='bbox 265 2973 378 3020; x_wconf 85' lang='lat' dir='ltr'>Romam.</span> <span class='ocrx_word' id='word_1_294' title='bbox 414 2975 466 3022; x_wconf 82' lang='lat' dir='ltr'>Pax</span> <span class='ocrx_word' id='word_1_295' title='bbox 476 2983 578 3037; x_wconf 85' lang='lat' dir='ltr'>negata:</span> <span class='ocrx_word' id='word_1_296' title='bbox 597 2970 701 3020; x_wconf 76' lang='lat' dir='ltr'>inducia</span> <span class='ocrx_word' id='word_1_297' title='bbox 712 2969 805 3019; x_wconf 86' lang='lat' dir='ltr'>biennii</span> <span class='ocrx_word' id='word_1_298' title='bbox 817 2967 887 3018; x_wconf 84' lang='lat' dir='ltr'>datae.</span> <span class='ocrx_word' id='word_1_299' title='bbox 905 2968 940 3016; x_wconf 90' lang='lat' dir='ltr'>di·</span> 
     </span>
    </p>
   </div>
   <div class='ocr_carea' id='block_1_16' title="bbox 184 3043 940 3170">
    <p class='ocr_par' dir='ltr' id='par_1_16' title="bbox 184 3043 940 3170">
     <span class='ocr_line' id='line_1_37' title="bbox 187 3043 938 3170; baseline -0.016 -68"><span class='ocrx_word' id='word_1_300' title='bbox 187 3046 270 3102; x_wconf 72' lang='lat' dir='ltr'>&#39;flatot</span> <span class='ocrx_word' id='word_1_301' title='bbox 288 3049 441 3123; x_wconf 83' lang='lat' dir='ltr'>triumphans</span> <span class='ocrx_word' id='word_1_302' title='bbox 459 3050 485 3102; x_wconf 89' lang='lat' dir='ltr'>in</span> <span class='ocrx_word' id='word_1_303' title='bbox 501 3049 589 3101; x_wconf 86' lang='lat' dir='ltr'>urbem</span> <span class='ocrx_word' id='word_1_304' title='bbox 600 3046 681 3098; x_wconf 88' lang='lat' dir='ltr'>rediit.</span> <span class='ocrx_word' id='word_1_305' title='bbox 716 3045 804 3098; x_wconf 84' lang='lat' dir='ltr'>Habeo</span> <span class='ocrx_word' id='word_1_306' title='bbox 819 3043 938 3170; x_wconf 59' lang='lat' dir='ltr'>antiopa,</span> 
     </span>
     <span class='ocr_line' id='line_1_38' title="bbox 184 3133 940 3170; baseline -0.008 6"><span class='ocrx_word' id='word_1_307' title='bbox 184 3144 188 3152; x_wconf 53' lang='lat'>⁵</span> <span class='ocrx_word' id='word_1_308' title='bbox 320 3133 326 3148; x_wconf 88' lang='lat'><strong>·</strong></span> <span class='ocrx_word' id='word_1_309' title='bbox 907 3133 940 3170; x_wconf 83' lang='lat' dir='ltr'>nc</span> 
     </span>
    </p>
   </div>
   <div class='ocr_carea' id='block_1_17' title="bbox 0 0 1042 3612">
    <p class='ocr_par' dir='ltr' id='par_1_17' title="bbox 0 0 1042 3612">
     <span class='ocr_line' id='line_1_39' title="bbox 0 0 1042 3612; baseline 0 0"><span class='ocrx_word' id='word_1_310' title='bbox 0 0 1042 3612; x_wconf 95' lang='lat' dir='ltr'> </span> 
     </span>
    </p>
   </div>
  </div>
 </body>
</html>
