2058 3642
200 213 251 264 52⁴
460 201 501 252 Τ.
536 197 559 250 L
576 199 663 250 rvr
680 199 696 249 1
856 269 861 273 .

188 289 295 358 finesic,
311 301 354 356 pne
363 287 421 338 rtem
432 288 495 339 illem
500 291 603 354 secutura
617 286 674 353 effic,
695 287 820 355 Salapiam
832 299 965 341 umus.

191 367 270 430 parari
287 367 365 416 utiliter
377 365 448 433 effert,
465 368 501 432 pri
519 368 542 414 ire
558 365 653 430 perfidio
670 374 744 428 nant,
758 365 782 428 fi
794 368 840 432 preb
852 380 963 434 opereu-

192 459 243 494 mre
256 455 307 509 opes
320 442 377 511 effes.
403 441 503 494 sensere
515 441 648 509 Salapitani
665 441 804 492 fraudem:
824 446 853 494 dc
869 445 903 494 ab
918 445 961 506 ira,

191 531 244 568 non
262 519 408 572 desellionis
425 520 511 582 modo,
528 518 569 568 sed
586 519 663 568 etiarn
682 520 802 584 equitum
815 521 961 572 interseflo·

189 609 255 660 rum,
268 599 316 648 rati
328 597 483 671 occasionem
495 597 610 664 supplicii
622 597 685 663 peti,
698 597 802 648 remisso
813 610 885 648 retro
898 613 959 648 nuu-

190 675 242 738 cio,
264 675 380 744 (perfuga
397 687 481 727 autent
499 677 626 726 Romanus
648 679 713 739 erat)
737 685 769 723 ut
789 673 844 724 line
864 677 957 726 arbitro

191 753 293 817 milites,
311 768 366 820 quae
387 754 488 815 vellent,
505 761 615 816 agerent,
640 750 787 820 oppidanos
809 768 858 820 per
874 767 957 803 mmor

191 829 311 897 urbisque
320 842 465 900 opportuna
476 832 531 882 loca
540 831 566 880 in
576 829 724 880 stationibus
733 829 893 896 disponunt:
912 845 955 881 eu-

190 905 281 958 llodiar
294 906 444 974 vigiliasque
462 907 488 958 iu
502 921 556 956 eam
569 905 669 956 nosiem
682 906 807 954 intentius
819 907 952 964 instruunt.

190 987 258 1038 circa
277 997 384 1054 portam,
402 987 452 1051 qui
467 996 601 1036 venturum
618 983 714 1034 hollem
734 984 868 1048 rebantur,
886 983 951 1050 quod

188 1065 292 1118 roboris
304 1066 330 1114 in
347 1063 459 1136 praefidio
471 1075 532 1126 erat,
550 1070 693 1129 opponunt.
728 1063 862 1112 Hannibal
874 1077 951 1128 quar-

192 1141 219 1197 ti
230 1142 317 1206 vigilii
330 1139 450 1190 sermead
462 1139 549 1189 urbem
560 1137 666 1188 aeceslit.
700 1137 780 1186 Primi
799 1139 913 1202 agminis
928 1152 952 1187 e·

189 1229 247 1271 rant
268 1217 378 1286 perfuga
402 1221 584 1279 Romanorum,
601 1213 627 1266 dc
644 1229 715 1264 arma
730 1217 856 1266 ¹Romana
876 1215 950 1270 nane-

191 1294 262 1348 baut.
280 1295 309 1358 ii,
326 1296 370 1346 ubi
383 1295 415 1346 ad
429 1304 528 1362 portam
540 1295 573 1344 ert
582 1301 696 1354 ventum,
708 1285 906 1364 ¹Latine'omttcr
916 1295 950 1344 lo

190 1383 295 1439 quentee
311 1374 425 1423 excitant
446 1372 544 1436 vigiles,
561 1370 704 1438 aperirique
725 1381 829 1438 portam
844 1371 952 1436 jubentz

189 1451 317 1500 consulem
329 1448 419 1500 adesse.
455 1449 560 1514 Vigiles,
568 1449 644 1500 velut
655 1447 686 1498 ad
700 1464 792 1498 vocem
803 1465 894 1501 eorum
905 1463 950 1500 ex·

188 1529 271 1590 citati,
286 1530 443 1591 tumultuari,
461 1527 594 1595 trepidare,
605 1528 689 1580 moliri
702 1539 812 1596 portam.
831 1527 951 1582 catara&

184 1605 285 1672 'dejesl'a
298 1607 381 1658 clausa
392 1618 455 1657 erat.
472 1622 529 1658 earn
541 1607 633 1674 partlm
645 1605 759 1656 vesiibus
770 1607 876 1658 levant:
895 1621 950 1676 par·

190 1687 238 1739 tim
260 1687 362 1738 funibus
374 1687 514 1748 subducunt
530 1687 556 1737 in
575 1697 673 1738 tanturn
684 1686 834 1750 altitudinis,
854 1698 882 1738 ut
894 1687 949 1738 sub·

191 1767 229 1818 ire
246 1767 304 1818 resli
323 1765 428 1834 pollenr.
463 1767 577 1818 Vixdum
596 1763 653 1816 satis
671 1766 776 1836 parebat
794 1765 854 1830 iter,
871 1780 948 1832 quum

192 1843 304 1912 perfuga
315 1837 432 1894 certatim
443 1853 519 1895 ruunt
529 1859 574 1911 per
581 1849 697 1910 'portame
716 1841 833 1909 &quum
849 1843 950 1896 sexcen-

191 1923 212 1973 ti
230 1923 307 1972 scrme
327 1923 461 1988 intrdslent,
484 1921 582 1974 remisso
598 1923 668 1987 sune,
684 1936 737 1988 quo
755 1920 873 1989 suspensa
891 1931 947 1983 erat.

190 2000 314 2052 catarasla
331 2019 424 2068 magno
442 2003 524 2052 sonitu
542 1999 641 2052 cecidit.
676 1999 822 2065 Salapitani,
840 2001 884 2052 alii
896 2015 947 2068 per·

189 2079 264 2145 sugas
275 2082 430 2146 negligenter
446 2097 480 2132 ex
497 2081 585 2132 itinere
602 2074 717 2145 suspensa
732 2078 855 2143 humeris,
872 2089 902 2130 ut
913 2079 948 2128 in·

191 2165 231 2208 ter
243 2169 351 2224 pacatos,
369 2171 482 2222 gerentes
499 2173 577 2222 arma,
595 2154 734 2206 invadunt:
753 2154 798 2204 alii
817 2158 832 2204 ὲ
851 2155 914 2206 turri
925 2169 949 2202 e·

119 2227 123 2237 '
153 2286 159 2292 ,
188 2233 230 2299 jus
249 2245 327 2300 porte
344 2235 471 2302 murisque
491 2235 564 2296 saris,
590 2232 700 2296 sudibus,
721 2231 790 2298 pilis,
814 2233 948 2284 absterrent
1008 2255 1012 2260 ·

192 2308 298 2380 holtem.
330 2313 369 2360 Ita
388 2311 446 2362 inde
464 2311 589 2362 Hannibal
612 2307 705 2360 suimet
723 2305 775 2372 ipsc
787 2306 887 2358 -sraude
905 2325 948 2358 ea-

190 2395 250 2454 ptus
275 2388 352 2438 abiit:
379 2387 553 2460 prosesiusque
579 2387 610 2438 ad
635 2389 775 2437 Locrorum
799 2383 947 2438 solvendam

191 2462 359 2520 obsidionem,
375 2479 450 2528 quarn
469 2465 572 2516 Cincius
590 2463 685 2517 summit
703 2462 739 2526 ri,
757 2462 879 2530 operibus
897 2475 947 2516 tot-

190 2551 385 2606 mentorumquc
396 2541 466 2594 omni
481 2556 570 2606 genere
587 2558 620 2594 ex
632 2543 714 2599 Sicilia
730 2540 847 2604 alredo,
867 2546 946 2610 oppu-

190 2618 292 2686 gnabat.
320 2620 435 2683 Magoni,
449 2619 501 2684 jam
519 2621 585 2672 haud
603 2621 679 2675 ferme
694 2619 779 2668 fidenti
791 2630 945 2672 retenturum

190 2695 400 2764 defensurumque
413 2696 437 2747 se
447 2698 543 2762 urbem,
565 2699 648 2766 prima·
661 2696 726 2764 spes,
732 2707 815 2748 morte
826 2691 944 2748 nunciati
1013 2707 1014 2720 ¹

190 2775 314 2838 Marcelli,
333 2775 430 2827 affulsit.
457 2780 558 2828 Secutus
569 2777 627 2827 inde
637 2775 751 2838 nuncius,
769 2775 944 2840 Hannibalern,
1013 2827 1014 2836 ἶ

191 2853 358 2914 Numidarum
375 2855 487 2920 equitatu
505 2854 635 2922 praemillo,
653 2851 741 2920 ipsum,
759 2861 882 2918 quantum
900 2869 946 2904 ac-

190 2935 298 2990 celerare
312 2931 398 3000 pollet,
417 2949 473 2985 cum
486 2933 598 3000 pcditum
609 2931 708 2994 agmine
719 2929 796 2994 sequi·
814 2931 905 2996 Itaque
917 2947 944 2980 u·

190 3007 219 3064 bt
234 3009 347 3082 prinum
363 3005 484 3064 Numidas
501 3007 569 3064 edito
587 3011 600 3060 ὲ
612 3005 715 3079 speculis
725 3003 795 3074 signo
807 3005 944 3136 advppntppte

933 3113 947 3146 n
