2062 3640
331 186 385 270 n‘r
402 217 500 270 aaa
533 215 635 267 xxvi.
813 211 862 280 425
940 231 942 236 ·

91 313 247 375 crederent,
265 320 335 375 terga
347 308 451 370 dedisse;
468 303 541 363 tanta
552 308 588 357 ira
603 303 704 356 aceensa
719 305 761 371 cll,
777 317 806 356 ut
821 321 862 356 ca·
917 297 927 321 ⁸

94 396 165 462 pite
176 389 358 458 anquirendum
371 389 461 438 concio
472 386 641 436 succlamaret.
676 388 715 434 De
723 400 754 434 eo
763 397 863 450 quoque

98 487 211 522 novum
221 479 346 518 certamen
361 477 454 516 ortum.
472 481 539 527 nam,
556 479 634 530 quum
646 463 758 514 tribunus
770 463 808 513 bic
820 477 863 529 pe-

101 550 188 599 cunia
205 546 349 614 anquisrsset‚
367 547 442 596 tertio
461 546 549 612 capitia
567 545 591 594 se
608 545 737 608 anquirere
754 543 863 599 diceret;

103 627 209 678 tribuni
228 627 304 692 plebis
322 625 447 692 appellati,
473 624 562 690 college,
579 624 710 688 negdrunt,
721 624 748 690 se
765 623 788 672 in
804 635 865 672 mom

105 708 163 769 effe,
180 706 306 771 quominus,
325 705 378 770 quad
387 704 407 752 ei
425 718 484 752 more
500 703 606 766 majorum
621 701 745 768 permiffnm
756 701 812 770 effer,
823 703 865 768 seu

107 779 202 848 degibus,
212 783 253 847 seu
264 779 356 830 moribus
368 781 449 843 mallet,
458 780 590 845 anquireret,
606 778 674 844 quoad
684 779 722 827 vel
730 780 816 846 capitis,
827 775 869 826 uel

105 853 322 926 pecunicjudicdfflt
332 858 434 924 privato.
469 855 721 922 Tumsemproniue,
734 855 865 922 perduellio·

106 936 146 985 nis
152 936 178 1000 se
183 935 283 1000 judicare
294 937 335 986 Cn.
347 935 436 998 Fadana,
453 934 528 995 dixit,
544 932 659 998 diemque
670 934 777 983 comitiis
788 932 820 982 ab
832 935 862 982 C.

109 1011 249 1076 Calpurnio
263 1021 366 1077 praetore
384 1011 452 1060 urbis
473 1011 544 1078 petit.
580 1009 641 1060 Inde
652 1009 700 1058 alia
712 1008 764 1076 spes
775 1009 807 1060 ab
819 1025 864 1059 reo

109 1097 210 1136 tentata
221 1089 267 1136 ell:
286 1088 302 1138 si
313 1087 392 1138 adesse
403 1090 429 1138 in
440 1086 537 1150 judicio
553 1089 587 1150 Q.
604 1085 708 1138 Fulvius
720 1083 863 1152 fratcr'pos-

109 1164 159 1224 set,
176 1166 265 1215 florens
282 1177 334 1216 tum
353 1165 381 1217 dt
395 1165 463 1216 sama
480 1163 708 1232 rerumgestarum,
724 1165 749 1214 dt
762 1165 864 1232 propin·

108 1243 163 1309 qud
175 1241 217 1310 spe
230 1245 318 1311 Capuae
330 1243 467 1311 potiundae.
502 1241 532 1290 Id
547 1255 622 1307 quum
638 1257 681 1308 per
695 1242 777 1292 literae
790 1240 864 1293 mise*

108 1319 223 1370 rabiliter
236 1337 283 1388 pro
291 1321 373 1372 fratris
382 1322 465 1388 capite
477 1320 577 1386 scriptas
588 1319 682 1386 petisset
692 1321 802 1384 Fulv'iua,
820 1335 864 1372 ne-

110 1398 253 1464 gassentque
268 1402 350 1450 Patres
367 1403 380 1450 ἑ
398 1398 524 1466 republica
542 1397 597 1462 esse,
614 1397 712 1448 abscedi
729 1405 744 1448 a
763 1403 862 1465 Capua3
933 1428 937 1432 ·

81 1510 86 1514 -
111 1477 242 1542 postquam
254 1477 305 1528 dies
320 1477 481 1528 comitiorum
490 1476 584 1540 aderat,
603 1481 649 1527 Cn.
669 1471 772 1528 Fulvius
789 1476 863 1527 cusu·

110 1554 195 1602 latum
205 1555 357 1618 Tarquinios
365 1553 436 1604 abiit.
453 1553 479 1605 id
491 1553 513 1602 ei
519 1553 612 1618 justum
620 1553 733 1606 exilium
742 1553 796 1619 esse,
815 1554 860 1604 sci·

113 1627 242 1694 vitplebt.

144 1709 195 1756 IV.
213 1707 282 1756 Inter
292 1706 344 1756 haec
355 1707 394 1757 via
409 1709 490 1758 omnis
505 1707 563 1758 belli
582 1707 653 1758 versa
669 1708 695 1756 in
712 1709 822 1773 Capuam
835 1722 861 1758 e-

110 1793 160 1836 tat.
178 1783 336 1860 obfide-batur
354 1796 441 1844 tamen,
453 1787 542 1849 acrius,
559 1791 634 1852 quam
653 1787 860 1852 oppugnabatur:

108 1879 156 1915 nee
167 1873 210 1913 aut
221 1861 312 1914 samem
328 1860 434 1916 tolerare
444 1862 543 1915 servitia
555 1880 584 1914 ac
601 1863 670 1931 plebe
680 1874 802 1930 poterant,
819 1874 863 1916 aut

109 1941 209 1995 mittere
218 1942 322 1992 nuncios
337 1940 544 1996 adllannibalem
562 1955 606 2007 per
623 1938 745 1989 custodias
759 1949 809 1990 tam
823 1954 861 1990 at·

111 2027 159 2067 tas.
193 2018 313 2068 Inventus
325 2015 358 2066 est
371 2017 490 2080 Numida,
508 2017 560 2082 qui,
576 2015 684 2081 acceptia
700 2015 786 2078 literis,
802 2030 863 2066 eva·

112 2091 197 2142 surum
208 2091 370 2160 seprosessus,
387 2103 416 2142 ut
424 2091 569 2160 promissum
578 2091 710 2160 prestaret,
728 2106 772 2158 per
781 2090 872 2148 media,

95 2170 225 2230 ,Romana
240 2169 315 2220 castra
329 2169 402 2220 nodie
419 2168 532 2236 egressus,
551 2169 618 2238 spem
630 2169 743 2220 accendit
756 2173 862 2237 campa·
947 2179 951 2183 ’

112 2247 158 2310 nis,
177 2245 235 2296 dum
247 2247 342 2314 aliquid
357 2248 451 2297 virium
462 2246 600 2314 superesset,
617 2248 649 2298 ab
668 2247 737 2298 omni
754 2259 824 2314 parte
836 2262 862 2297 e·

112 2323 254 2390 ruptionem
270 2324 392 2374 tentandi.
428 2327 545 2374 Ceterum
556 2326 582 2375 in
593 2325 675 2374 multis
687 2325 862 2388 certaminibus

112 2400 231 2462 equestria
242 2403 327 2467 prolia
338 2401 417 2452 senne
428 2399 544 2471 prospera
559 2402 698 2456 faciebant:
717 2401 810 2470 pedites
821 2401 861 2454 su·

112 2473 270 2542 perabantue.
288 2476 329 2526 sed
337 2493 492 2546 nequaquam
505 2489 555 2528 tam
568 2481 650 2530 laetum
663 2480 772 2542 vincere,
787 2484 861 2546 quam

113 2550 178 2602 triste
189 2552 259 2602 vinci
268 2553 316 2602 ulla
326 2565 395 2620 parte
404 2568 455 2620 erat
463 2557 495 2608 ab
504 2557 599 2609 obsesso
609 2558 633 2610 a
643 2559 721 2626 prope
731 2573 860 2626 expugna·

105 2637 139 2680 -to
148 2629 225 2680 holle.
263 2631 329 2683 Inita
340 2632 435 2684 tandem
447 2637 510 2686 ratio
523 2637 563 2701 est,
581 2647 618 2702 ut,
634 2637 807 2703 quodviribuc
816 2639 860 2690 de·

111 2719 170 2772 erat,
195 2718 250 2759 arte
268 2720 416 2776 aequaretur.
448 2728 481 2766 ex
498 2716 614 2767 omnibus
630 2715 770 2780 legionibus
791 2717 860 2768 elesii

110 2785 284 2851 suntjuvenec,
302 2789 412 2840 maxime
421 2793 508 2857 vigore
518 2809 548 2844 ac
559 2792 663 2842 levitate
671 2807 805 2862 corporum
816 2810 860 2845 ve-

110 2864 187 2914 locet:
206 2865 240 2915 eis
252 2881 344 2933 parmae
356 2868 492 2934 breviores,
511 2875 584 2935 quam
597 2870 724 2936 equestres,
743 2873 767 2922 dc
779 2872 861 2944 septe·

111 2955 141 2990 na
150 2941 232 3004 jacula
250 2955 384 3009 quaternos
400 2949 477 3011 longa
494 2947 567 3014 pedes
583 2946 648 3010 data,
666 2949 769 3015 prefixa
783 2947 859 3011 sciro,
901 3008 905 3016 ,
949 2949 954 2956 “

50 3029 54 3038 ·
112 3018 261 3086 qualehassic
272 3023 419 3084 velitaribus
428 3024 497 3078 ines.
515 3040 558 3079 eoa
569 3025 709 3092 iugulatio
719 3026 859 3094 equossuoa

792 3117 857 3157 accl-
