2076 3612
167 193 201 252 3¹6
261 215 267 222 ·
388 237 398 247 .
434 195 471 244 Τ.
505 193 600 246 LIV
618 196 661 246 11

166 277 308 331 consiliunt.
343 283 440 332 Dextra
457 297 519 351 pars,
536 283 584 350 qul
600 283 625 334 ἃ
645 283 764 336 samnites
775 287 837 337 raris
849 289 922 340 ordl-

166 357 249 420 nibus,
264 369 308 408 aut
319 359 349 410 ad
361 360 549 412 circumeundos
562 361 648 423 bolies,
659 373 702 410 aut
713 376 744 410 ne
755 363 800 430 ipsi
811 366 921 416 circum·

166 433 270 497 iremus,
287 438 453 502 constiterant,
468 440 541 490 latius
558 437 678 506 patefacis
695 439 769 490 stetit.
805 443 922 508 sinistris,

166 521 332 580 preterquam
359 517 426 583 quod
448 517 610 567 confertiores
632 516 755 582 steterant,
784 522 920 586 repentino

166 589 270 642 consilio
282 595 375 644 Poetelii
387 595 492 646 consulis
508 595 597 645 addite
608 596 689 646 vires:
708 597 752 661 qui
764 597 919 663 subsidiarias

166 668 290 736 cohortes,
307 689 361 738 quae
381 675 482 738 integra
499 672 530 723 ad
545 674 664 738 longioris
684 689 774 740 pugnae
791 677 861 726 casus
878 693 918 728 re·

165 741 337 813 servabantur,
357 752 381 800 in
394 752 499 818 primam
510 753 589 800 aciem
604 752 734 818 externplo
745 752 841 814 emisrt;
859 756 916 804 uni-

166 823 291 890 versisque
303 829 395 878 hostem
408 831 488 896 primo
499 831 595 896 impetu
607 830 703 879 viribus
715 830 824 896 impulit.
838 837 916 883 Com·

165 905 235 952 moti
247 906 350 971 pedestri
367 909 420 958 acie
432 909 587 971 Samnitium,
605 924 679 974 eques
697 909 723 958 in
735 925 844 976 pugnam
860 911 914 960 suc-

166 981 241 1032 eedit.
259 985 285 1034 in
306 987 379 1051 bunc,
397 986 536 1036 transverso
547 987 646 1050 agmine
663 987 727 1036 inter
738 987 798 1036 duas
812 989 877 1038 acies
889 989 915 1040 se

163 1057 320 1123 inferentem,
332 1066 457 1114 Romanus
470 1066 593 1130 equitatus
605 1063 714 1114 concitat
726 1078 820 1128 cquos;
833 1065 914 1130 figna·

165 1151 216 1202 que
229 1138 255 1191 δε
270 1141 368 1192 ordines
379 1143 490 1210 peditum
501 1153 574 1208 atque
585 1143 698 1206 equitum
709 1141 848 1205 confundit,
865 1143 913 1211 do·

164 1228 211 1264 nec
222 1219 363 1269 universam
375 1221 406 1269 ab
418 1236 446 1269 ea
458 1231 527 1286 parte
541 1221 634 1269 avertit
647 1221 736 1269 aciem.
773 1221 801 1269 ln
813 1236 843 1270 co
855 1237 912 1270 cor-

164 1308 200 1342 nu
216 1309 268 1345 non
285 1299 398 1347 Poetelius
415 1298 488 1362 solus,
506 1298 547 1348 led
568 1299 687 1364 Sulpicius
702 1286 785 1361 etiam,
798 1299 912 1350 hortator

164 1362 285 1435 adfuerat,
303 1376 402 1426 avectus
419 1377 450 1426 ab
469 1376 516 1426 suis
533 1376 644 1427 nondum
655 1374 838 1426 conserentibus
858 1393 916 1430 mas

163 1467 210 1502 trus
222 1453 253 1503 ad
264 1455 407 1522 clamorem,
424 1459 455 1508 ab
465 1457 555 1508 sinistra
563 1466 633 1524 parte
643 1455 710 1522 prius
722 1467 847 1505 exortum.
867 1469 913 1506 un·

164 1529 204 1592 de,
223 1531 289 1582 haud
304 1534 406 1585 dubiam
424 1533 555 1585 vitiorium
572 1547 684 1593 cernens,
700 1547 777 1598 quum
793 1533 824 1583 ad
839 1533 912 1585 fuum

163 1624 242 1658 eornu
253 1613 364 1664 tenderet
375 1629 432 1676 cum
444 1615 511 1664 mille
527 1613 639 1664 ducentis
650 1612 719 1674 viris,
736 1611 871 1662 dissimilem
888 1614 911 1662 i..

162 1688 189 1737 bi
201 1687 327 1743 fortunam
339 1695 451 1744 invenit:
469 1697 597 1744 Romanos
608 1691 666 1740 loco
680 1688 770 1756 pulsos,
788 1689 912 1744 vitiorem

161 1767 256 1819 nouem
268 1769 334 1836 sigua
345 1773 372 1823 in
383 1771 506 1839 perculsos
518 1769 674 1820 inferentem.
697 1773 812 1818 Ceterum
824 1771 911 1820 omnia

160 1851 272 1901 mutavit
282 1853 381 1920 repente
393 1850 499 1904 consulis
509 1847 646 1915 adtentus„
664 1861 723 1897 nam
735 1847 760 1898 ἃ
777 1847 910 1916 conlpcllu

160 1925 231 1979 ‹lucis
249 1930 354 1982 relestus
370 1932 479 1982 militum
497 1929 661 1979 enauimus:
685 1925 719 1989 ἃ,
736 1927 815 1992 majus
835 1933 911 1994 quem

160 2021 209 2074 pro
220 2025 325 2064 numero
336 2014 467 2073 auxilium,
484 2009 635 2060 advenerant
646 2007 723 2058 sortes
732 2009 796 2055 viri:
814 2008 840 2056 s<
851 2023 909 2074 par-

83 2122 85 2131 .
160 2088 193 2136 tis
204 2081 303 2140 alterius
318 2091 423 2140 vilioris
434 2087 525 2146 audita,
543 2099 606 2134 mox
622 2083 675 2132 visa
692 2083 775 2142 etiam,
792 2084 909 2148 proelium

159 2169 274 2219 restituit.
310 2171 378 2218 Totl
388 2165 475 2217 deinde
484 2166 535 2227 jam
544 2163 644 2212 vincere
653 2160 706 2207 acie
715 2162 849 2222 Romanus,
870 2161 906 2224 ὃς,

159 2243 248 2292 omisso
258 2243 397 2304 certamine,
410 2239 470 2290 caedi
481 2238 585 2304 capique
597 2235 714 2284 Samnites
721 2249 728 2292 ;
740 2231 783 2280 nist
795 2233 838 2298 qui
847 2238 908 2285 Ma.

156 2320 295 2386 'leventum‚
313 2322 353 2371 cui
365 2335 430 2370 nunc
440 2317 497 2368 urbi
509 2319 677 2390 Beneventum
692 2325 782 2361 nomen
793 2313 835 2377 est,
847 2331 905 2382 per.

103 2443 106 2450 ,
158 2398 285 2465 fugerunt.
321 2399 360 2448 Ad
372 2397 472 2462 triginta
483 2393 560 2444 millia
572 2390 632 2444 cesa
649 2399 692 2440 aut
703 2399 775 2454 capta
787 2391 905 2444 Samniti·

157 2495 210 2543 um,
229 2479 354 2547 proditum
364 2477 488 2527 memorie
499 2473 541 2524 est.

192 2560 319 2608 XXVIII.
340 2555 465 2616 consules,
488 2551 586 2618 egregia
604 2548 710 2600 vilioris
730 2550 807 2616 parti,
825 2555 906 2622 proti-

156 2651 203 2688 nus
215 2637 271 2690 inde
280 2635 311 2685 ad
323 2635 463 2686 Bovianum
473 2629 667 2700 oppugnandum
675 2629 785 2694 legiones
794 2630 905 2684 ducunt:

157 2717 243 2782 ibique
255 2717 357 2766 hiberna
369 2723 480 2782 egerunt,
497 2713 576 2763 donec
588 2712 619 2761 ab
634 2701 709 2761 novis
720 2711 859 2762 consulibus
871 2713 903 2762 L.

157 2797 259 2863 Papirio
273 2795 378 2846 Cursore
391 2795 514 2862 quintum,
534 2797 563 2843 C.
580 2793 656 2858 Junio
675 2792 787 2841 Bubulco
803 2792 903 2853 iterum,

108 2922 112 2934 ,
157 2876 299 2928 nominatus
308 2874 411 2926 dlila'tor
422 2877 450 2922 C.
462 2873 573 2923 Poetelius
587 2885 643 2921 cum
649 2873 687 2919 M.
696 2869 779 2920 Fossio
786 2869 903 2933 magistro

157 2956 270 3022 equitum
282 2955 419 3008 exercitum
434 2953 539 3020 accepit.
574 2954 606 3015 Is,
618 2965 694 3016 quum
709 2945 810 2996 audlllet
821 2963 902 2998 arcem

157 3033 327 3104 Fregellanam
345 3033 378 3088 ab
397 3031 546 3088 sannubus
565 3041 671 3101 captam,
688 3024 776 3080 omillo
787 3028 903 3159 Bouanq

867 3119 882 3156 a
917 3153 930 3176 ο
