2076 3612
180 267 214 319 an
409 239 490 328 fr.
525 260 681 316 nrv‘rt

131 341 134 348 ’
179 353 231 405 sam
244 345 393 403 Samnitibus
404 351 481 403 dedit.
507 353 609 421 Duplex
621 353 679 402 inde'
691 347 776 404 terror
785 353 867 406 illatus
880 353 939 408 rto·-

177 431 267 482 manis.
285 432 343 480 hinc
361 433 464 496 Samnis,
481 447 573 498 magno
591 433 705 481 exercitu
725 432 813 485 contio
826 435 861 485 'ad
877 438 933 486 eri·

177 507 281 560 tuendos
290 507 419 560 obsidione
430 508 518 572 socios,
531 509 596 559 haud
609 510 696 576 procul
708 509 790 561 catinis
803 485 937 562 Romano?

176 599 235 636 rum
245 585 321 636 callra
333 587 430 654 posuit:
449 589 507 637 hinc
520 587 653 636 Saticulani
667 601 826 651 magnorum
839 589 931 638 tumul·

173 673 214 730 tu,
232 663 359 732 patesatlls
377 670 476 735 repente
492 667 580 734 portis,
597 667 623 716 in
640 666 763 715 stationes.
773 667 881 718 hollium
893 669 933 718 in?

176 754 317 794 currerunt.
353 745 415 796 Inde
428 761 483 814 pars
499 756 612 811 utraque,
630 744 672 811 spe
681 745 754 794 alieni
766 747 844 810 magis
856 749 931 798 auxi·

175 825 214 889 lii,
231 831 306 890 quam
323 825 420 876 viribus
441 825 504 876 freta
521 821 579 890 suis,
594 824 659 888 julio
676 839 738 874 mox
756 825 844 891 proelio
864 827 934 877 inito'

174 903 305 956 Romanos
322 913 420 967 urgent.
439 901 473 966 dr,
491 915 634 968 quanquam
651 915 741 967 anceps
757 901 888 952 dimicatio
903 917 931 952 e·

175 990 224 1043 rat,
250 990 334 1030 tamen
353 982 471 1046 utrinque
489 991 571 1030 tutam
590 979 670 1029 aciem
692 977 798 1030 dillator
820 979 928 1044 habuit;

174 1058 271 1125 quia&
281 1058 366 1109 lorum
378 1059 445 1109 haud
460 1057 559 1109 facilem
575 1059 607 1108 ad
620 1057 868 1108 circumveniendum
886 1071 929 1108 ce·
977 1059 979 1067 ’

176 1139 224 1204 pit,
241 1139 267 1188 dr
278 1136 376 1187 diversa
387 1137 469 1187 statuit
481 1136 556 1213 signa,
582 1135 697 1186 Infestior
712 1146 793 1185 tamen
806 1135 831 1184 in
843 1151 928 1187 erum-

175 1225 263 1282 pentes
283 1213 392 1264 incessit:
418 1229 464 1263 nec
484 1227 577 1278 magno
597 1213 731 1262 certamine
750 1213 813 1262 intra
833 1216 927 1262 moenia

174 1291 307 1358 compulit.
342 1293 411 1340 Turn
432 1301 511 1340 totam
528 1291 609 1340 aciem
629 1291 655 1339 in
673 1289 790 1339 samnites
803 1287 925 1339 obvertit.

173 1367 211 1419 ibi
229 1371 283 1436 plus
300 1369 442 1419 certaminis
458 1369 515 1420 fuit.
550 1368 663 1420 Vittoria
675 1369 735 1418 ficut
749 1368 809 1432 sera,
826 1368 860 1417 ita
879 1383 928 1419 nec
954 1385 958 1392 ·

172 1448 257 1510 dubia,
275 1461 321 1498 nec
333 1449 404 1497 varia
416 1447 473 1498 luit.
501 1447 558 1498 Fufi
569 1449 595 1498 in
608 1449 683 1498 castra
695 1449 821 1511 Samnites,
837 1448 927 1498 exstin-

172 1525 218 1578 stis
237 1525 309 1576 nodie
325 1527 432 1591 ignibus,
450 1527 528 1578 tacito
540 1529 638 1592 agmine
653 1528 760 1580 abeunt:
780 1528 813 1591 dr,
832 1527 873 1596 spe
882 1528 927 1578 ab·

170 1601 236 1668 jnttt
253 1603 365 1654 Saticula
383 1605 488 1670 tuenda,
506 1604 613 1655 Plistiam
631 1605 683 1672 ipsi,
701 1603 781 1654 socios
797 1607 927 1655 Romano-

173 1698 238 1745 rum,
255 1694 284 1732 ut
295 1700 380 1752 parem
392 1685 504 1736 dolorem
516 1685 579 1735 hosti
592 1684 727 1748 redderent,
740 1684 927 1736 circumfidunt.

207 1763 299 1813 xx11.
317 1766 392 1814 Anno
404 1762 562 1825 circumacto,
577 1762 669 1811 bellum
681 1761 795 1830 deinceps
805 1763 837 1812 ab
849 1763 927 1813 ditia-

130 1898 138 1907 ,
172 1846 273 1908 toreQ,
288 1841 367 1896 Fabio
378 1843 525 1910 gellumell.
561 1841 679 1892 Conlules
691 1842 762 1907 novi,
779 1840 840 1892 ficut
852 1843 927 1910 supe·-

172 1921 260 1984 riores,
278 1925 365 1975 Roma
377 1926 533 1974 manserunt:
552 1922 651 1986 Fabius,
669 1921 701 1972 ad
711 1920 882 1990 accipiendum
893 1923 927 1973 ab

171 2001 278 2054 AEmilio
297 2005 442 2069 exercitum,
472 2002 504 2064 ad
524 2003 656 2052 Saticulam
676 2017 733 2050 cum
754 2001 927 2067 supplemento

172 2082 256 2131 venit.
275 2096 355 2146 neque
373 2082 440 2129 enim
461 2079 580 2126 Samnites
594 2078 625 2126 ad
645 2077 751 2124 Plistiam
768 2075 926 2126 manserant:

172 2157 224 2222 scd,
240 2159 325 2208 accitis
338 2157 371 2205 ab
382 2155 460 2204 domo
477 2149 551 2202 novis
562 2153 689 2210 militibus,
706 2149 863 2198 multitudine
874 2151 926 2199 fre.

172 2239 203 2299 ti,
220 2235 295 2286 castra
306 2232 401 2295 eodem,
414 2245 465 2296 quo
478 2240 559 2291 antea,
573 2227 631 2278 loco
639 2224 790 2294 posuerunt:
808 2225 925 2280 lacessen-

172 2316 258 2383 tesque
275 2313 361 2384 proelio
378 2313 506 2360 Romanos
522 2317 635 2356 avertere
653 2303 686 2354 ab
703 2301 831 2355 obsidione
848 2323 925 2358 cona-

171 2394 274 2444 bantur.
309 2394 347 2441 Εο
359 2388 477 2440 intentius
489 2385 595 2455 distator
605 2385 631 2434 in
645 2383 735 2433 moenia
749 2383 856 2435 hostium
865 2401 924 2438 vcr-

172 2471 222 2534 sus,
239 2469 266 2520 id
276 2467 368 2518 bellum
380 2469 478 2514 tantum
495 2462 593 2522 ducere,
610 2461 677 2526 qubd
688 2459 777 2510 urbem
793 2477 923 2530 oppugna.

172 2551 217 2601 bat
226 2567 234 2610 ;
252 2545 361 2596 securior
377 2543 409 2592 ab
425 2541 575 2592 Samnitibus
593 2554 675 2604 agere,
692 2537 836 2592 stationibus
848 2541 925 2592 modo

174 2623 304 2696 oppositis,
320 2637 352 2672 ne
363 2636 412 2688 qua
423 2622 449 2671 in
462 2622 538 2670 castra
549 2621 588 2670 vis
600 2618 678 2669 fieret.
713 2621 752 2669 Eo
761 2619 869 2672 ferocius
880 2621 925 2672 ad·

171 2707 284 2774 equitare
298 2702 418 2753 samnites
429 2699 507 2764 vallo,
523 2715 601 2768 neque
612 2699 694 2751 otium
714 2700 776 2767 pati.
810 2709 835 2748 et
846 2714 925 2765 quum

169 2786 225 2851 jam
237 2785 314 2854 prope
325 2783 352 2832 in
369 2780 448 2850 portis
465 2779 598 2832 castrorum
613 2779 672 2830 esset
687 2778 768 2842 hostis,
786 2777 849 2828 nihil
865 2794 925 2831 con·

174 2865 240 2916 suto
255 2861 382 2926 dictatore,
399 2859 514 2926 magister
528 2861 644 2928 equitum
660 2863 693 2925 Q.
711 2857 797 2908 Aulius
811 2857 929 2908 Cerreta-¹

173 2959 229 3009 nus,
244 2958 337 3009 magno
348 2940 457 2991 tumultu
472 2955 530 3012 cum
544 2940 660 2992 omnibus
675 2937 762 2987 turmis
773 2937 886 3003 equitum
901 2953 925 2986 e-

172 3022 268 3089 vetius,
285 3019 423 3072 summovit
440 3019 545 3071 holtem.
561 3031 616 3071 tum
636 3019 662 3068 in
680 3015 783 3066 minime
802 3016 924 3083 pertinaci

168 3116 264 3170 20³⁶ss
280 3097 414 3172 P¹¹8112fie
429 3097 533 3160 tortum
549 3099 663 3160 exercuit
681 3081 751 3168 opes,
775 3106 804 3148 ut
819 3094 924 3184 indgnes

805 3183 923 3243 numque
