2076 3612
188 245 222 305 4i
441 205 670 292 r.u1v1i

133 377 136 384 ,
183 333 257 396 suros.
275 321 361 380 bsiltilo
373 330 482 396 quietior
494 335 620 382 Romanus
635 331 759 380 exercitus
774 329 881 398 imperio
894 331 942 384 du·

190 407 226 453 eis
237 407 386 454 continetur.
404 405 501 456 decima
514 418 567 457 erat
583 407 635 457 sere
652 408 702 456 diei
720 408 790 468 hora,
807 423 886 472 quum
903 410 943 459 ei-

190 481 250 530 bum
262 497 349 548 capere
366 482 450 531 consul
467 483 556 533 milites
571 483 643 546 jubet
652 503 659 545 ;
680 482 799 549 praecipit,
816 493 844 532 ut
861 485 889 533 in
901 499 943 534 ar·

189 561 236 608 mis
247 558 301 624 lint,
318 565 464 626 quacunque
473 562 522 612 diei
533 561 644 612 nostisve
655 564 716 612 horai
728 561 823 625 siguum
834 562 941 613 dederit.

191 639 277 690 Paucis
289 641 378 690 milites
389 641 531 706 alloquitur,
550 641 695 690 Samnitium
714 641 780 690 bella
790 642 899 704 extollit,
915 658 943 691 e·

190 716 258 766 levat
269 717 401 768 Etruscos:
418 735 455 768 nec
463 719 541 784 hostem
552 718 612 782 hosti,
629 735 666 768 iiec
676 719 834 770 multitudinem
842 720 944 770 multitu·

191 795 237 845 dni
253 798 418 863 comparandam
429 797 464 847 ait
476 795 522 865 effe.
553 799 661 848 Preterea
676 798 741 848 telam
759 799 820 847 aliud
837 798 944 848 occultum

184 873 278 940 [οἰέανος
287 875 310 923 iii
326 883 438 942 tempore:
456 876 538 925 interea
551 875 617 924 taceri
628 886 680 942 opus
690 874 737 940 effe.
771 875 817 924 His
828 876 943 941 ambagi-

192 952 238 1002 bus
251 952 322 1020 prodi
334 953 461 1004 simulabat
473 953 560 1014 hosses,
577 969 628 1019 quo
644 954 740 1002 animus
754 953 863 1004 militum
875 955 942 1003 mul-

192 1031 300 1082 titudine
311 1035 409 1084 territus
421 1033 599 1084 restitueretur:
618 1032 651 1096 ἃ,
663 1031 729 1098 quod
739 1030 788 1080 siue
797 1033 940 1084 munimen·

193 1119 222 1158 to
240 1109 408 1172 consederant,
425 1111 578 1160 verisimilius
594 1119 655 1172 erat,
681 1109 749 1176 quod
770 1109 940 1161 simulabatur.
1024 1117 1025 1124 ’

193 1189 281 1236 Curari
292 1190 350 1237 cibo
362 1203 467 1255 corpora
482 1189 559 1254 quieti
571 1187 637 1251 dant,
657 1187 682 1238 ἃ
694 1189 778 1254 quarti
789 1187 839 1238 sere
851 1189 942 1250 vigilia

192 1263 243 1312 sine
255 1265 360 1313 tumultu
372 1267 473 1314 excitati
485 1281 554 1315 arma
568 1266 679 1333 capiunt.
714 1264 828 1314 Dolabrae
844 1265 942 1315 caloni·
1025 1279 1026 1292 ¹

193 1337 239 1388 bus
257 1341 404 1391 dividuntur
421 1342 453 1391 ad
465 1344 558 1393 vallum
578 1343 745 1410 proruendum
761 1340 881 1408 fossasque
893 1345 943 1393 im·

192 1418 302 1485 piendas.
320 1419 384 1469 intra
395 1421 549 1470 munimenta
561 1421 687 1470 instruitur
697 1421 775 1470 acies:
792 1419 888 1471 delettae
898 1437 943 1473 co·
1026 1429 1027 1434 ’

193 1498 275 1547 horter
288 1495 318 1546 ad
329 1509 456 1566 portarum
473 1501 555 1550 exitus
564 1501 726 1569 collocantur.
744 1500 803 1551 dato
811 1499 899 1551 deinde
910 1501 941 1551 si-

191 1591 244 1641 gno
259 1578 333 1644 paulo
351 1589 408 1628 ante
423 1579 597 1646 luccmpquod
617 1580 705 1630 aellivis
722 1579 835 1630 nostibus
854 1581 943 1648 sopitae

192 1658 300 1706 maxime
312 1658 400 1724 quietis
409 1668 505 1726 tempus
519 1659 560 1722 cst,
578 1671 682 1726 proruto
692 1657 759 1708 vallo
769 1661 850 1726 erupit
861 1664 942 1708 acies:
1027 1649 1028 1656 ἵ

192 1735 279 1785 stratos
296 1737 381 1804 passim
399 1738 496 1788 invadit
515 1739 608 1788 hones:
632 1740 694 1788 alios
714 1739 862 1800 immobiles,
879 1739 943 1791 alios

193 1813 354 1867 semisomnos
373 1819 400 1868 in
420 1817 542 1868 cubilibus
562 1817 618 1880 suis,
635 1819 772 1868 maximam
794 1807 887 1885 partem
908 1817 943 1868 ad

192 1909 260 1943 arina
272 1897 427 1962 trepidantes,
445 1897 520 1949 caedes
540 1896 665 1964 opprcffit.
689 1898 774 1963 paucis
789 1893 900 1945 armandi
918 1893 944 1943 se

191 1971 279 2024 datum
296 1973 403 2043 spatium
423 1978 463 2027 est.
499 1979 548 2026 Eos
562 1975 635 2042 ipsos,
653 1989 704 2024 tion
723 1973 818 2036 siguum
837 1985 943 2034 certum,

192 2065 244 2102 non
262 2052 350 2104 ducem
362 2055 495 2119 sequentes,
513 2053 595 2100 fundit
604 2055 739 2110 Romanus,
756 2050 855 2110 fugatos
867 2067 945 2116 eques

193 2129 354 2198 persequitur.
372 2129 402 2178 ad
414 2130 495 2186 eastra,
513 2125 543 2175 ad
555 2125 625 2174 iilvas
638 2123 726 2172 diverfi
738 2124 880 2172 tendebant.
899 2129 945 2174 Sil-

191 2219 232 2256 νε
246 2206 322 2270 tutius
342 2205 429 2253 dedere
447 2203 579 2266 refugium.
598 2216 655 2248 nam
668 2199 742 2248 castra
753 2200 778 2247 in
791 2201 885 2266 campis
895 2199 944 2254 sita

191 2282 280 2332 eodem
291 2282 331 2332 die
346 2284 484 2350 capiuntur.
510 2293 598 2328 aurum
614 2276 892 2344 argentumquejulsum
903 2295 943 2330 te·

191 2360 250 2412 serti
269 2359 300 2411 ad
318 2359 459 2410 consulem:
477 2370 558 2408 cetera
575 2357 655 2424 prada
672 2356 757 2406 militis
779 2357 836 2406 suit.
872 2357 942 2409 Caesa

190 2450 236 2489 aut
244 2451 315 2508 capta
324 2455 354 2490 eo
364 2439 403 2489 die
411 2439 517 2489 hostium
527 2437 604 2486 millia
612 2436 642 2486 ad
652 2434 788 2500 sexaginta.
812 2437 875 2486 Eam
886 2448 939 2488 tarn

95 2567 103 2574 ,
191 2518 282 2568 claram
302 2533 411 2584 pugnam
426 2527 492 2566 trans
513 2516 647 2566 Ciminiam
667 2513 753 2564 silvam
768 2513 800 2564 ad
817 2514 941 2565 Perusiam

190 2605 336 2663 pugnatam,
352 2595 453 2662 quidam
467 2593 577 2644 auetores
589 2593 660 2655 suut;
677 2605 796 2661 metuque
810 2593 836 2643 in
848 2609 942 2658 magno
976 2657 980 2666 p

189 2675 321 2724 civitatem
340 2673 419 2739 fuisse,
436 2689 467 2724 ne
482 2671 625 2724 interclusus
645 2675 768 2724 exercitus
789 2684 838 2723 tam
852 2671 940 2723 inscito

190 2751 262 2817 saltu,
279 2753 373 2803 coortis
390 2751 499 2818 undique
511 2751 601 2801 'luscis
617 2750 772 2818 Umbrisque,
789 2748 940 2814 opprimere-

190 2840 242 2882 tur.
277 2831 331 2896 Sed,
348 2831 491 2899 ubicunque
511 2841 650 2898 pugnatum
665 2829 706 2893 est,
722 2844 760 2879 res
772 2831 885 2889 Romana
902 2827 942 2875 su·

193 2911 278 2978 perior
289 2910 353 2967 suit;
372 2911 480 2978 itaquea
497 2908 602 2975 l‘erufia,
619 2909 645 2960 ἃ
657 2911 775 2968 Cortona,
792 2905 817 2954 ἃ
831 2905 940 2968 Arretio,

189 3004 247 3058 ΨΜ
257 2989 335 3044 ferme
346 2991 428 3061 capita
443 2990 548 3042 Etruria
557 2988 711 3059 populorum
723 2987 751 3038 cl
763 2983 904 3054 tempestate
914 2997 940 3107 et-

318 3065 324 3076 .
876 3075 941 3124 m,
