2140 3640
179 246 225 296 272
441 236 477 284 T
511 235 697 285 LIVII

180 323 348 384 voluntariam
365 323 518 375 deditionem
535 336 638 376 conatus
657 324 783 392 perlicere,
801 327 931 392 postquam

178 397 314 454 bbslinatos
323 402 396 466 vidit,
414 402 524 454 obsidere
535 403 592 454 inde
604 415 679 468 atque
690 419 839 493 oppugnare
848 416 930 470 parat.
948 433 952 442 ·

178 487 289 530 ceterum
301 482 430 542 Acerranis
443 481 497 548 plus
511 481 596 547 animi,
614 483 803 545 quamtulam,
822 492 884 532 erat.
904 484 929 529 I-

178 566 261 622 taque,
278 553 404 624 desperata
421 557 497 606 tutela
508 557 583 619 urbis,
601 568 629 606 ut
641 557 930 610 circumvallarimoenia

176 633 302 694 viderunt,
325 633 466 700 priusquam
488 635 693 684 continuarentur
713 633 820 684 hostium
843 649 928 700 opera,

176 725 220 778 per
239 713 371 767 intermissa
383 713 536 763 munimenta
545 712 714 778 negleilasque
725 713 846 764 cullodias
857 713 928 762 silen-

176 790 214 838 tio
226 787 304 838 nosiis
315 790 415 857 dilapsi,
426 804 469 855 per
481 791 534 838 vias
546 789 672 854 inviaque,
691 791 740 854 qud
751 805 875 856 quemque
884 800 930 838 aut

176 864 305 920 consitium
322 879 366 917 aut
388 876 468 917 terror
485 866 551 929 tulit,
570 865 595 914 in
608 865 681 914 nrbes
699 867 848 932 Campania,
866 880 928 931 quas

175 939 233 994 satis
255 955 350 997 certum
372 956 424 995 erat
447 959 499 992 non
521 941 623 994 mutasse
647 941 729 1006 sidem,
753 943 926 1010 perfugernnt.

176 1021 311 1086 Hannibal,
329 1023 428 1073 Acerris
438 1020 540 1087 direptis
551 1030 626 1085 atque
637 1019 747 1085 incensis,
759 1035 837 1086 quum
850 1027 865 1070 a
878 1024 927 1070 Ca·

176 1097 246 1150 silino
269 1100 413 1152 disiatorem
432 1101 574 1149 Romanum
585 1096 742 1163 legionesque
756 1111 837 1148 novas
859 1097 927 1148 aeci·-

175 1177 197 1224 ri
220 1177 380 1241 nunciislent,
393 1193 424 1226 nc
444 1177 573 1241 quintam
595 1175 741 1241 propinquis
763 1175 870 1224 bollium
884 1191 925 1226 ca-

81 1303 86 1306 ,
175 1254 228 1303 ssn's
241 1259 351 1321 Capuam
361 1269 460 1320 quoque
471 1262 589 1316 recurrat,
601 1254 740 1302 exercitum
751 1252 782 1301 ad
793 1252 925 1302 Casilinum

174 1329 252 1380 ducit.
271 1332 403 1382 Casilinum
416 1346 446 1379 eo
462 1341 573 1396 tempore
586 1329 716 1394 quingenti
729 1331 866 1380 Praenellini
880 1332 925 1383 ha·

174 1405 274 1470 bebant,
286 1423 342 1458 cum
356 1409 438 1476 paucis
451 1407 570 1456 Romanis
582 1407 715 1473 Latinique
727 1407 843 1469 nominis,
862 1422 926 1473 quos

173 1483 261 1534 eodem
281 1484 364 1534 audita
385 1481 516 1534 Cannensis
534 1482 613 1532 clades
626 1483 777 1533 contulerat.
812 1483 847 1543 hi,
871 1497 925 1534 nou

174 1560 288 1611 confesso
302 1562 418 1612 Praeneste
432 1559 463 1609 ad
475 1559 541 1608 diem
552 1559 655 1623 delellu,
674 1560 751 1612 scrius
763 1560 866 1626 prosesii
877 1560 925 1612 do·

173 1655 224 1702 mo,
243 1657 320 1708 quum
333 1639 466 1708 Casdinum
477 1649 535 1690 ante
553 1638 662 1690 adversa
672 1655 762 1706 pngnae
773 1639 866 1690 sarnam
878 1655 923 1690 ve·

172 1715 266 1784 nillent,
285 1719 310 1768 ἃ
329 1717 383 1768 aliis
402 1728 565 1782 aggregarent
586 1716 635 1767 sese
654 1719 775 1769 Romanis
791 1707 924 1784 sociisque,

166 1793 297 1862 ,prosesli
288 1815 303 1846 a
317 1795 423 1848 eafilino
436 1811 512 1862 qutun
523 1795 580 1846 satis
592 1809 685 1859 magno
696 1796 795 1860 agmine
806 1795 871 1846 irent
878 1811 923 1858 ,a-

172 1877 308 1929 renitens
327 1885 393 1928 retro
413 1875 545 1930 Casilinum
558 1875 661 1924 nuncius
681 1865 812 1929 Cannensis
823 1890 923 1942 pugna.

172 1953 207 2005 ibi
220 1943 297 2021 qutun
309 1955 359 2008 dies
371 1955 474 2022 aliquot,
492 1953 596 2022 sulpclli
608 1952 741 2018 Campanis
751 1951 924 2020 timentesque,

170 2035 288 2086 cavendis
305 2051 337 2086 ac
357 2034 475 2086 struendis
494 2037 520 2083 ln
540 2034 623 2084 ricem
643 2031 735 2088 insidiis
752 2029 924 2096 traduxissent,

168 2113 271 2180 janrque
288 2113 318 2163 de
332 2117 423 2180 Capua
435 2111 571 2166 deseflione
586 2113 635 2176 agi,
653 2111 782 2178 accipique
793 2111 922 2164 Hanniba-

169 2191 218 2242 lem
231 2191 287 2242 satis
303 2207 350 2261 pro
369 2202 437 2242 certo
448 2192 566 2256 habuere,
590 2189 722 2244 interscslis
733 2189 804 2240 noilc
816 2191 921 2258 oppida·

169 2269 216 2334 nis,
234 2279 329 2336 partem
346 2267 422 2330 urbis,
439 2285 493 2334 quae
514 2271 547 2318 eis
565 2269 718 2322 Vulturnum
736 2267 777 2332 cll,
795 2269 837 2330 (co
855 2271 922 2322 cuitu

169 2345 292 2414 diuiditur¹
304 2345 380 2410 amni)
401 2361 566 2412 occupavere.
585 2345 657 2414 idque
670 2345 807 2412 prasidium
821 2345 921 2400 Cafilini

169 2424 294 2476 habebant
317 2421 432 2474 Romani.
469 2425 612 2474 Additur&
627 2423 741 2474 Perusina
757 2424 855 2514 cohors,
874 2424 921 2474 ho·

159 2504 247 2571 5mines
269 2500 445 2580 quadringenti
467 2502 604 2568 sexaginta,
631 2503 719 2554 codem
741 2503 843 2566 nuncin,
866 2519 943 2570 quo·

167 2579 307 2631 Praenellinl
324 2594 416 2644 paucos
435 2590 492 2631 ante
509 2579 568 2644 dics,
587 2581 720 2634 Caslinum
740 2579 867 2649 compulsi
893 2582 920 2634 dt

103 2713 106 2719 ,
166 2656 223 2710 satis
236 2657 313 2708 sermc
331 2669 485 2711 armatorum
505 2659 535 2708 ad
549 2671 599 2710 tam
615 2659 707 2734 exigua
719 2659 817 2720 moenia,
833 2659 859 2709 u
870 2659 921 2710 flu·

165 2737 234 2788 minc
242 2735 317 2785 altera
325 2745 395 2804 parte
406 2733 494 2801 cintia,
512 2737 602 2786 tuenda
613 2749 674 2787 erat.
693 2737 795 2804 penuria
807 2735 921 2788 frumen-

167 2815 197 2879 ti,
216 2815 321 2864 nimium
333 2814 408 2864 etiam
420 2826 449 2862 ut
459 2813 585 2866 videretur
597 2815 735 2878 horninum,
747 2815 884 2866 efficiebat

199 2895 300 2942 XVIII.
319 2882 444 2942 Hannibal
462 2907 539 2956 quum
555 2894 607 2958 jam
626 2893 682 2947 inde
704 2893 769 2942 hand
783 2894 868 2960 procul
881 2893 920 2945 es-

165 2968 210 3032 sct,
222 2971 334 3022 Gamlos
346 2985 403 3020 eum
415 2969 537 3036 prasesio,
554 2973 658 3022 nominc
669 2971 755 3036 Isalca,
773 2975 919 3044 praemittit·
980 2965 983 2972 “
1060 2965 1061 2976 ’

163 3060 195 3100 ae
210 3048 300 3116 primo,
317 3045 335 3098 sr
353 3047 397 3098 fiat
417 3046 536 3114 colloquii
554 3048 636 3118 eopia,
653 3049 737 3100 verbis
756 3038 868 3113 benignis
887 3049 922 3102 ad

828 3136 918 3193 portat
