2062 3640
362 253 530 308 LIBER
564 253 651 306 ttxv.
825 267 873 318 413
949 273 953 276 ·

124 346 234 398 indolem
251 342 383 396 accesserat
403 351 449 396 Cn.
468 347 587 412 Scipionis
606 343 751 412 disciplina:
769 343 875 410 subque
899 403 911 410 .

26 447 32 454 ¹
126 441 171 494 per
183 436 222 476 tot
233 441 317 476 annos·
325 427 591 488 omnes-militiaeartes
603 423 703 473 edosiua
715 423 803 474 suerat.
817 425 875 487 Hic,

118 505 155 560 ,ἃ
170 518 202 553 ert
214 502 272 567 suga
290 505 398 556 collcslis
410 505 539 564 militibus,
557 503 580 551 ἃ
595 500 740 566 quibusdam
753 499 782 550 de
796 501 876 568 preli.

128 579 178 630 diis
188 581 304 646 dedusiis,
322 582 387 632 hand
405 579 613 632 contemnendum
625 579 763 628 exercitum
775 579 876 638 fecerat,

117 659 293 725 ,iunxeratque
305 676 361 710 cum
375 663 410 710 T.
423 659 530 722 Fontejo
542 659 569 705 P.
583 655 703 722 Scipionis
718 656 809 720 legato.
829 655 875 706 Sed

119 749 225 788 ¹tautum
238 740 347 805 praestitit
364 754 438 805 eques
453 741 579 789 Romanus
595 735 740 784 auctoritate
752 737 816 785 inter
826 736 874 784 mi-

69 813 72 817 ’
116 815 269 882 ,literaeque
281 819 385 878 honore,
402 828 439 879 ut,
457 815 538 866 callris
550 814 611 863 citra
624 813 723 862 lberutn
734 814 874 874 communi-

118 893 168 958 tis,
185 909 260 959 quum
272 894 360 944 ducem
372 896 528 948 exercituum
540 892 649 956 comitiis
659 893 804 941 militaribus
822 907 874 941 cre-

125 971 164 1020 ari
176 972 309 1037 placuisset,
318 972 448 1022 subeuntes
459 972 501 1020 alii
513 971 567 1019 aliis
578 970 602 1018 in
614 968 746 1018 custodiam
759 970 817 1018 valli
827 969 874 1018 sla-

126 1045 265 1112 tionesque,
282 1047 368 1101 donec.
381 1063 425 1114 per
444 1061 530 1097 omnes
551 1043 693 1107 suffragi-um
712 1045 766 1108 iret,
790 1044 821 1094 ad
839 1048 872 1095 L.

116 1125 254 1184 ‚Marcium
270 1126 349 1176 cunsli
368 1125 490 1175 summam
505 1121 605 1189 imperii
615 1121 756 1170 detulerint.
793 1124 874 1172 Omne

118 1198 187 1248 inde
199 1210 296 1265 tempus
312 1203 442 1267 (exiguum
455 1199 479 1250 id
492 1200 549 1263 suit)
566 1197 705 1247 muniendis
717 1198 797 1248 castris
812 1215 873 1248 con-

116 1273 294 1342 .teltendisque
305 1277 485 1328 commeatibus
497 1274 686 1340 consumptum:
699 1273 723 1324 dc
735 1275 818 1323 omnis
828 1275 874 1324 im·

114 1355 194 1421 ,peria
205 1355 302 1417 milites,
320 1371 396 1422 qutun
409 1355 522 1420 impigre,
540 1363 593 1402 tum
605 1351 792 1417 haudquaquam
803 1353 871 1418 abje-

124 1430 165 1481 slo
183 1435 275 1494 animo,
292 1430 499 1498 exsequebantur.
535 1435 650 1480 Ceterum
669 1431 797 1496 postquam
809 1429 872 1481 Has·

116 1507 253 1560 atrabatem
266 1511 392 1574 Gisgonis,
404 1495 546 1560 venientem
556 1508 587 1558 ad
599 1509 711 1574 reliquias
720 1509 777 1559 belli
789 1509 871 1560 delen·
895 1503 898 1513 ¹

124 1585 177 1646 das,
189 1586 295 1636 transisse
307 1589 414 1650 Iberum,
426 1589 450 1638 ἃ
463 1588 662 1655 appropinquare
672 1587 772 1636 allatum
784 1590 826 1650 css,
840 1587 870 1636 sr-

123 1679 252 1729 gnumque
264 1680 350 1730 pugna
363 1667 514 1733 propositum
529 1667 560 1716 ab
573 1681 643 1714 novo
654 1665 717 1716 duce
728 1667 817 1718 milites
831 1668 869 1716 ti·

110 1741 228 1804 ,nemun
249 1741 378 1807 recordati,
395 1759 455 1809 quos
473 1744 548 1812 paulo
567 1747 624 1792 ante
645 1743 805 1809 imperatores
825 1747 870 1796 ha·
901 1745 905 1750 '

116 1813 239 1888 bullient,
256 1820 393 1888 quibusque
411 1821 437 1872 ἃ
453 1821 557 1872 ducibus
575 1819 600 1869 ἃ
612 1819 689 1887 copiis
700 1819 757 1870 steti
769 1821 871 1888 prodire
948 1855 952 1866 »

120 1895 156 1946 ad
166 1910 277 1962 pugnarn
286 1897 351 1950 soliti
363 1899 447 1962 essent,
462 1899 521 1948 flere
532 1911 618 1946 omues
628 1900 728 1962 repente
745 1897 769 1947 8<
789 1897 868 1952 offen-

121 1971 174 2022 sare
185 1975 287 2040 capita:
298 1977 324 2028 ἃ
335 1977 380 2027 alii⁴
389 1965 476 2026 manus
488 1974 519 2025 ad
531 1974 620 2024 coelum
632 1971 739 2036 tendere,
749 1977 818 2025 Deos
830 1977 868 2028 in-

120 2049 248 2104 cusantes:
266 2055 317 2120 alii,
336 2055 405 2108 slrati
424 2054 504 2116 humi,
523 2053 594 2104 suurn
607 2051 708 2120 quisque
719 2054 869 2108 nominatim

113 2129 210 2185 ducem
229 2132 372 2200 implorare.
398 2148 480 2199 neque
499 2131 577 2182 sedati
597 2131 742 2182 lamentatio
761 2143 871 2200 poterat,

112 2207 288 2263 ‚excitantibus
305 2211 493 2262 centurionibus
511 2210 690 2278 manipulares,
702 2209 792 2284 &ipso
803 2211 870 2262 mul

111 2295 192 2340 cente
208 2289 254 2340 8c'
247 2301 390 2356 increpante
402 2289 509 2348 Marcio,
526 2289 596 2356 quid
588 2306 611 2338 nt
622 2287 734 2340 muliebres
745 2291 771 2342 (ν
783 2291 870 2342 inutiles

113 2365 281 2434 fiprojeciffenl
292 2369 358 2430 fletus
366 2369 449 2435 potius,
465 2384 531 2435 qaam
542 2367 571 2416 ad
584 2367 682 2418 smerdes
688 2369 760 2433 semet
773 2370 828 2435 ipfits
839 2371 868 2422 ύ·

114 2439 272 2506 rempublicam
278 2445 351 2509 secum
361 2437 617 2508 narrentanos&
618 2462 644 2495 ne
661 2445 758 2496 inustos
749 2456 868 2514 tmperare-

112 2519 230 2582 sesfiut
216 2533 291 2581 jacere
296 2521 411 2583 fluerent?
440 2528 526 2588 Quum
539 2523 620 2574 subito
633 2524 725 2573 clamor
737 2523 867 2578 tubarum-

111 2610 168 2662 ¹que
186 2593 259 2645 sonus
278 2597 337 2660 [jam
354 2600 420 2649 euim
438 2617 515 2670 prope
527 2601 622 2650 vallum
633 2601 712 2652 hosles
725 2607 803 2669 erant)
821 2619 867 2655 ex·

109 2672 228 2734 ¹auditur.
246 2675 312 2740 inde,
329 2677 403 2727 verso
417 2684 516 2746 repente
527 2683 553 2730 in
565 2681 627 2730 iram
640 2681 714 2745 luslu,
732 2682 868 2736 discurrere

117 2751 149 2802 ad
161 2767 243 2802 arma:
261 2767 299 2820 ac,
317 2754 387 2805 velut
403 2757 495 2808 accensi
512 2758 589 2820 rabie,
608 2755 747 2816 discurrunt
764 2756 881 2827 adpor-¹

108 2838 163 2892 tas,
180 2828 206 2879 ἃ
218 2829 243 2878 in
255 2829 357 2896 holicm,
375 2833 529 2898 negligenter
540 2843 614 2898 atque
626 2833 785 2901 incomposite
794 2835 866 2885 veni,

107 2917 206 2994 tentem,
224 2909 362 2962 incurrunt.
397 2911 532 2977 Extemplo
548 2910 682 2977 improvisa
694 2927 731 2960 res
743 2927 864 2980 pavorem

117 2982 207 3033 incutit
219 2987 310 3042 Ptenis:
329 2989 520 3054 mirabundique
532 2987 597 3038 unde
607 2999 645 3038 tot
658 2988 736 3038 hostes
746 2999 796 3040 tam
806 2988 864 3038 sub·

106 3060 153 3116 ito
169 3063 254 3116 exorti
270 3069 349 3136 prope
364 3066 446 3118 deleto
464 3065 577 3136 exercitu
596 3065 688 3133 soreut,
712 3066 777 3117 unde
795 3077 868 3117 tanta

462 3147 508 3204 sc
649 3153 651 3158 ·
813 3156 863 3193 aun
