2076 3612
125 293 128 298 ,
189 249 223 304 14
457 234 688 289 T.LlV11

188 341 241 392 ver,
259 323 350 378 nedum
362 325 498 376 vilioribus
505 343 513 388 ;
529 325 555 376 dc
566 324 631 384 loeda
642 323 771 392 supplicia,
789 324 814 376 ἃ
826 324 892 376 inter
902 327 941 378 vl·
1024 335 1025 372 l

189 403 250 458 num
262 404 288 455 u
299 405 382 471 epulas
393 403 470 455 cedes
481 404 628 468 amicorum,
645 403 671 452 u
685 403 822 453 vanitatem
834 407 941 456 ementi·
1024 405 1025 474 j

189 482 259 533 cndae
268 482 356 550 stirpis.
392 481 469 548 Quid,
486 482 504 533 fi
515 483 570 532 vini
580 496 652 536 amor
659 482 685 530 in
697 481 750 533 dies
761 482 832 532 ficret
843 485 941 535 uerior?
1024 539 1025 546 χ

187 561 256 628 quid,
275 561 362 612 srtrux
381 577 410 611 ac
429 559 576 629 praefervida
598 561 649 612 ira?
667 563 723 624 (nec
742 562 877 627 quicquam
891 563 938 612 du·

188 639 259 692 bium
276 641 341 688 inter
357 638 487 706 scriptores
507 637 597 701 resero)
614 637 712 688 nullane
727 639 779 688 haec
790 637 880 689 damna
892 641 939 690 im-
1024 663 1025 702 1

189 718 319 788 peratoriis
329 717 464 768 virtutibus
480 715 612 768 ducimus?
645 716 674 766 Id
686 721 749 766 vero
763 717 901 784 periculum
913 733 939 766 e·
1024 741 1025 776 3

189 805 236 856 tat,
254 793 321 860 quod
332 793 445 843 lerillimi
456 807 489 842 ex
502 793 603 856 Graecis,
621 793 663 858 qui
676 793 823 843 Parthorum
838 809 940 860 quoque
1024 821 1025 870 ᾗ

189 881 277 927 contra
296 887 388 922 nomen
408 873 549 930 Romanum
568 871 653 934 gloriae
664 869 758 934 latrent,
775 869 889 920 dittitare
900 871 940 922 so·

188 948 249 1012 lent,
267 963 298 998 ne
309 949 458 1011 majestatem
471 948 578 1000 nominis
591 947 727 1004 Alexandri
737 948 821 1014 (quern
832 963 863 998 ne
872 949 939 1000 lamb

189 1025 290 1093 quidem
302 1027 348 1076 illis
359 1037 447 1078 notum
464 1026 572 1077 arbitror
582 1023 660 1089 luisse)
676 1025 790 1076 sustinere
802 1041 853 1077 non
862 1037 938 1094 potu·

188 1105 236 1155 erit
247 1105 353 1173 populus
365 1107 492 1154 Romanus
499 1124 506 1164 ς
524 1105 558 1168 ἃ,
568 1101 683 1154 adversus
697 1117 771 1168 quem
781 1105 894 1168 Athenis,
911 1105 937 1156 in
1024 1103 1025 1108 ’

144 1223 146 1230 ,
189 1185 293 1235 civitate
302 1183 377 1234 fratta
389 1183 556 1234 Macedonum
567 1183 651 1247 armis,
668 1193 781 1232 cernente
792 1193 844 1230 tum
855 1184 938 1232 maxi·

189 1265 229 1312 me
240 1266 317 1328 prope
333 1261 454 1311 fumantes
470 1261 616 1310 Thebarum
634 1261 724 1324 ruinas,
741 1260 885 1310 concionari
903 1261 935 1310 li·

188 1336 245 1388 berc
256 1337 306 1386 ausi
317 1334 363 1386 tint
373 1337 495 1400 homines,
512 1336 549 1399 (id
561 1335 629 1402 quod
637 1351 670 1388 ex
682 1336 848 1397 monumentis
859 1337 938 1386 orati-

189 1427 268 1464 omun
285 1418 362 1480 patet)
384 1413 501 1464 adversus
518 1430 576 1464 eum
593 1430 667 1466 nemo
684 1429 716 1466 ex
736 1426 775 1465 tot
794 1413 938 1482 proceribus
1024 1439 1025 1444 =

189 1492 309 1544 Romanis
318 1507 409 1543 vocem
423 1492 524 1543 liberam
535 1491 647 1543 millurus
658 1492 741 1544 fuerit.
777 1493 938 1557 Quantalibet

190 1569 336 1634 magnitudo
353 1571 462 1621 hominis
481 1573 637 1640 concipiatur
654 1571 748 1635 animo,
764 1574 838 1622 unius
856 1583 938 1623 tumen
1024 1565 1025 1574 ¹

189 1657 219 1696 ea
231 1647 378 1710 magnitudo
394 1648 502 1698 hominis
516 1649 571 1712 crit,
588 1646 688 1697 eolleiln
703 1647 777 1713 paulo
787 1647 842 1714 plus
852 1647 938 1698 decem

188 1739 313 1777 annorum
324 1725 458 1776 felicitate:
477 1725 605 1796 quum-qui
616 1739 647 1772 eo
664 1723 795 1787 extollunt,
812 1725 879 1790 quod
891 1741 938 1792 po·
1013 1733 1018 1740 '

189 1803 261 1871 pulut
279 1807 414 1866 Romanus,
431 1803 473 1852 etsi
485 1804 553 1854 nullo
567 1801 640 1864 bello,
657 1799 741 1849 multis
748 1798 834 1850 ‘tamen
846 1803 939 1868 proeliis

189 1881 270 1932 villus
281 1880 318 1946 stt,
337 1881 480 1934 Alexandro
498 1882 586 1932 nullius
603 1893 692 1948 pugne
703 1894 754 1930 non
765 1877 869 1929 secunda
885 1879 937 1930 sor·

189 1969 251 2011 tuna
262 1961 354 2025 fuerin
371 1977 422 2030 non
436 1963 585 2028 intelligunt,
598 1959 622 2010 se
637 1959 745 2010 hominis
763 1959 895 2024 megellus,
913 1959 940 2010 dt

188 2039 242 2103 ejus
251 2040 360 2104 juvenis,
377 2056 433 2090 cum
445 2039 592 2109 populiljam
606 2033 832 2098 outngentefimum
845 2029 938 2084 bellan·

180 2115 221 2166 ·tit
232 2132 324 2165 annum
335 2115 407 2164 νέους
418 2111 539 2162 conferre.
568 2111 698 2171 Miremur,
715 2108 741 2170 st,
759 2119 834 2170 quum
847 2125 878 2158 ex
891 2110 940 2160 hae

190 2201 260 2259 porte
272 2189 351 2239 secula
363 2189 433 2255 plura
445 2197 612 2248 numerentur,
629 2189 702 2250 quirin
710 2197 743 2231 cx
755 2182 796 2230 illa
804 2184 871 2247 anni,
884 2185 939 2251 plus

189 2269 215 2320 in
227 2268 366 2331 tamlongo
378 2264 465 2332 spatio,
472 2269 546 2330 quum
558 2265 584 2313 in
596 2270 667 2312 aetate
678 2260 795 2310 tredecim
805 2275 937 2328 annorum,

188 2349 289 2400 fortuna
301 2344 452 2396 variaverit?
480 2344 549 2406 Quin
560 2353 588 2391 tu
599 2340 707 2391 hominis
716 2355 773 2390 cum
783 2339 892 2405 homine,
910 2343 938 2394 dt

188 2423 258 2475 ducis
270 2437 327 2472 curn
338 2421 408 2484 duce,
417 2421 543 2470 fortunam
556 2433 612 2484 curn
624 2417 724 2469 fortuna
736 2417 847 2470 confers?
866 2423 939 2484 Quot

189 2506 317 2555 Romanos
335 2499 408 2550 duces
427 2499 563 2563 nominem,
580 2497 669 2564 quibus
687 2511 813 2562 nunquam
832 2497 937 2548 adversa
1024 2557 1025 2566 ἵ

188 2578 288 2630 fortuna
301 2593 387 2644 pugna
398 2575 463 2627 fuit?
498 2578 601 2642 Paginas
622 2577 646 2626 in
664 2575 793 2628 annalibus
810 2577 937 2641 magistra·

189 2653 383 2721 mundanisque
395 2669 536 2722 percurrere
546 2653 613 2718 licet,
625 2651 761 2717 consulum,
777 2653 938 2704 diilarorum-

188 2747 246 2799 que,
263 2747 368 2798 quorum
379 2749 424 2783 nec
435 2732 544 2796 virtutis,
561 2747 607 2782 nec
619 2731 724 2782 fortune
738 2733 790 2784 ullo
803 2731 843 2786 die
853 2745 937 2796 popu·

188 2813 242 2864 lum
262 2815 403 2862 Romanurn
429 2812 553 2879 poenituit.
588 2814 628 2875 Et,
653 2825 704 2878 quo
730 2809 775 2860 sint
798 2807 937 2858 mirabilio-

187 2903 235 2956 res,
254 2895 328 2957 qudm
341 2888 482 2940 Alexander
495 2901 539 2939 eut
558 2889 689 2956 quisquam
708 2900 761 2949 rex,
778 2884 854 2934 denos
866 2885 937 2934 vice-

190 2969 285 3036 nosque
304 2967 355 3018 diet
373 2968 473 3036 quidam
485 2967 639 3030 dilaturam,
656 2980 730 3016 nemo
743 2962 795 3030 plus
807 2967 882 3028 qu'am
892 2977 938 3013 an·

135 3086 140 3097 ,
189 3060 252 3101 uum
263 3044 416 3102 consulatum
428 3045 512 3114 geffit:
530 3047 562 3099 ob
573 3045 678 3100 tribunis
686 3039 763 3110 plebis
774 3039 938 3175 dclellupsffi
