2076 3612
366 215 536 269 LIBER
568 217 618 269 IX·
829 229 861 280 33

92 312 196 382 ldnrssse,
208 313 344 379 juventute,
361 311 430 360 mmis
441 310 550 359 Samnites
558 308 650 376 jrmrffi.
663 307 755 378 sugetis
763 307 864 358 indeSa-

94 392 211 455 mnitilns‚
230 392 317 441 incerti
328 401 465 455 praesagere,
483 403 521 436 nec
532 388 736 456 claudentes-portas
749 387 864 438 manin

95 485 122 518 ee
133 467 351 534 arceffrrntlellrcm3
369 467 397 515 dr
414 464 526 528 obstinans
543 465 648 530 claudere,
660 465 683 531 fi
702 467 807 516 exactius
820 463 861 513 ed-

95 557 224 598 mnuealer.
261 549 291 596 ln
309 562 334 594 ea
348 545 488 607 flutiuetiene
509 545 631 594 mimorum
650 546 746 613 opprimi
766 545 861 594 tacens

96 622 165 690 poffe.
199 624 247 673 His
265 620 408 672 auctoribus
427 621 618 687 mompropius
638 621 731 670 castra:
749 619 861 685 miffique

100 701 192 752 eodem
208 714 327 770 tempore
346 700 412 750 circa
432 702 480 749 tria
492 699 584 768 oppida
603 701 703 764 milites,
722 700 812 768 pertint
823 713 863 748 ar-

97 781 170 841 mati,
187 783 233 847 qui
250 779 346 831 occulti
362 778 500 846 propinqua
511 779 632 828 moenibus
647 778 778 830 infiderent
790 778 860 840 loca;

98 861 193 926 partim
203 860 296 924 togati,
314 855 384 908 tellis
398 856 463 906 veste
472 856 567 920 gladiis,
584 858 628 922 qui
639 855 684 906 sub
693 859 773 907 lucem
787 869 860 924 sper·

99 939 132 986 tis
145 940 226 1004 portis
237 939 312 988 urbes
323 935 519 1000 ingrederentur.
554 935 595 986 Ab
612 935 650 984 his
662 934 732 984 simul
749 932 861 984 custodes

100 1016 226 1066 trucidari
247 1016 329 1082 coepti,
347 1013 417 1063 simul
436 1013 523 1062 datum
544 1011 639 1080 signum
656 1013 764 1074 antiatis,
779 1023 810 1062 ut
826 1023 861 1062 ex

102 1091 201 1142 insidiis
214 1102 394 1142 concurrerent.
412 1093 447 1142 ita
459 1101 539 1158 portae
550 1099 689 1157 occupatae,
706 1091 803 1156 triaque
815 1103 861 1155 op·

102 1170 165 1238 pida
176 1171 263 1221 eidem
277 1173 336 1221 hori
347 1171 486 1238 eodemque
502 1169 605 1220 consilio
616 1179 699 1236 capta.
734 1167 787 1234 Sed,
804 1168 863 1234 quit

104 1247 251 1298 absentibus
272 1249 375 1300 ducibus
397 1251 505 1316 impetus
524 1247 558 1296 cst
578 1245 663 1309 ladius,
679 1246 760 1297 nullus
773 1245 864 1298 modus

106 1326 216 1376 caedibus
227 1325 292 1388 suit;
309 1325 437 1392 deletaque
447 1323 575 1375 Ausonum
590 1339 657 1390 gens,
676 1326 723 1375 vix
737 1335 806 1374 certo
817 1325 860 1374 de·

106 1402 222 1454 scilionis
234 1405 344 1471 crimine,
362 1404 465 1472 perinde
481 1419 511 1454 ac
527 1401 713 1456 fiintecnecivo
730 1403 795 1453 bello
807 1417 862 1453 cer·

108 1481 188 1532 tisset.

141 1563 245 1610 XXVI.
273 1559 368 1610 Eodem
390 1575 466 1621 anno,
493 1559 595 1626 prodito
615 1559 724 1612 hostibus
743 1561 861 1611 Romano

108 1637 230 1706 prasidio,
247 1639 353 1687 Luceria
365 1638 510 1688 Samnitium
522 1637 594 1688 saite.
612 1653 659 1688 nee
670 1637 713 1687 diu
725 1637 862 1705 proditori·

109 1715 155 1766 bus
175 1716 301 1784 impunita
318 1731 355 1766 res
372 1715 429 1766 suit.
464 1715 537 1766 Haud
557 1717 643 1784 procul
662 1713 719 1764 inde
736 1716 862 1766 exercitus

109 1797 239 1846 Romanus
252 1805 322 1844 emt:
342 1795 411 1858 cujus
425 1795 507 1862 primo
519 1796 616 1862 impetu
628 1795 695 1858 urbe,
712 1792 757 1844 sita
770 1795 795 1844 in
808 1795 862 1862 pla-

111 1889 153 1936 no,
170 1873 279 1940 capitur.
314 1873 431 1923 Lucerini
449 1891 477 1924 ac
489 1875 609 1923 Samnites
624 1873 656 1922 ad
667 1874 863 1924 internecionem

110 1957 170 2004 cesi.
189 1954 271 2018 eoque
289 1953 325 2001 ira
337 1953 458 2018 procedit,
475 1963 504 2001 ut
518 1955 606 2002 Romae
617 1965 732 2014 quoque,«
744 1965 820 2014 quum
832 1951 864 2001 de

111 2033 206 2083 colonis
218 2030 346 2082 mittendis
359 2033 491 2082 Luceriam
503 2028 673 2080 consuleretur
681 2026 786 2089 senatus,
799 2029 864 2077 mul-

112 2111 132 2160 ti
152 2108 282 2159 delendam
299 2109 388 2158 urbem
409 2109 545 2158 censerent.
580 2109 671 2156 Praeter
682 2104 778 2169 odium,
796 2103 865 2170 quod

113 2189 263 2240 exsecrabile
278 2189 305 2238 in
326 2189 364 2238 bis
380 2199 466 2255 captos
486 2197 546 2250 erat,
570 2185 740 2252 longinquitas
763 2197 865 2250 qnoque

112 2270 273 2319 abhorreret
290 2267 429 2334 relegandis
446 2279 498 2317 tarn
515 2267 602 2335 procul
619 2266 651 2316 ab
668 2265 745 2316 domo
763 2264 864 2315 civibus

114 2349 237 2398 incertam
255 2347 353 2396 insessas
367 2355 451 2410 gentes
469 2345 583 2409 cogebat.
619 2344 689 2393 Vicit
707 2355 790 2393 tamen
808 2343 864 2394 sen·

113 2426 196 2487 tentia,
213 2435 242 2475 ut
254 2426 414 2474 mitterentur
425 2423 518 2474 coloni.
542 2421 592 2472 duo
604 2421 682 2472 millia
691 2422 716 2472 ἃ
731 2419 876 2492 quingenti.

112 2503 179 2556 mitt.
214 2503 312 2553 Eodem
325 2517 401 2565 anno,
419 2515 496 2568 quum
511 2501 595 2551 omnia
608 2499 684 2550 infida
693 2500 812 2550 Romanis
825 2499 863 2549 es*

113 2579 171 2642 sent,
190 2584 282 2647 eapnae
295 2579 509 2646 quoqueoccultae
522 2575 663 2646 principum
675 2577 863 2640 conjurationes

115 2656 188 2708 saltz.
222 2660 262 2708 De
283 2658 374 2723 quibus
394 2671 472 2722 quum
492 2655 523 2706 ad
543 2654 653 2704 senatum
674 2655 777 2704 relatum
795 2655 863 2718 eslet,

114 2736 312 2802 haudquaquam,
326 2733 435 2799 negleila
458 2749 497 2784 res
516 2734 559 2783 esi.
588 2731 730 2800 quaestiones
750 2731 863 2799 decretae,

2 2811 17 2829 ⁵
114 2814 310 2881 distntoremque
330 2813 503 2880 questionibus
528 2809 671 2862 exercendis
691 2810 739 2860 dici
760 2811 864 2878 placuit.

117 2895 145 2940 c.
159 2895 268 2950 Meuius
285 2891 375 2941 ditius.
394 2890 413 2939 is
425 2893 463 2940 M.
476 2889 588 2939 Fossium
598 2889 865 2956 magistrum'equitum

118 2965 188 3015 dixit.
222 2970 316 3033 ingens
331 2975 384 3014 erat
399 2964 552 3029 magistratus
564 2963 615 3027 ejus
631 2974 719 3013 terror.
737 2965 821 3029 itaque
833 2963 864 3012 si·

119 3055 153 3096 te
166 3043 253 3096 timore
276 3045 340 3111 ejus,
364 3039 405 3096 seu
425 3040 593 3108 conscientiis„
619 3041 744 3103 cubulos,
767 3040 865 3087 ovium

451 3123 503 3184 lis
737 3115 867 3171 Novium-
