2076 3612
370 211 538 263 urunt
571 213 621 264 rx.
735 171 743 182 ’
843 229 880 282 tr

121 295 158 348 ad
171 299 291 366 Fregellas
308 304 399 369 pergit.
416 303 490 368 unde,
508 303 627 355 nolimu
647 307 793 360 Samnitium
816 306 877 374 iugi

121 377 177 427 stne
195 381 328 430 certamine
347 384 450 450 receptis
470 371 593 447 Fregellis,
610 385 770 454 praefidioque
789 387 877 438 valido

122 455 252 523 impolito,
270 460 297 508 in
310 463 471 527 Campaniam
491 461 718 516 reditum'maximi
734 467 765 518 ad
783 467 876 518 Nolani

122 535 201 583 armis
211 535 378 602 repetendam.
398 542 428 587 ed
442 538 467 588 se
484 539 549 589 intra
567 543 665 604 rnoenia,
682 544 727 594 sub
739 544 874 596 adventum

108 629 111 634 ¹
123 610 259 677 uitiatoris,
277 615 459 666 &Samnitium
470 618 552 667 omnis
563 620 698 671 multitudo
710 623 736 673 dc
748 623 837 672 Nolani
846 640 874 674 a·

124 688 212 750 grelles
229 691 396 741 contulerant.
429 692 551 757 Didator,
570 695 638 745 urbis
657 695 703 746 srtu
726 698 874 763 circumspe-

122 764 172 828 ἃο,
181 782 241 832 ¹quo
252 771 366 834 apertior
375 769 454 820 aditus
471 770 501 820 ad
512 768 604 820 moe‘nia
618 771 684 838 esset,
702 775 786 824 omnia
796 775 874 826 aedifi·

122 845 161 892 cia
177 845 214 906 l&
224 845 370 913 frequenter
388 849 423 898 ibi
444 848 612 916 habitabatur)
630 852 785 915 circumjecta
796 855 875 904 muris

122 922 242 972 incendit.
258 941 307 975 nec
318 927 354 976 ita
365 927 444 977 multo
456 929 518 993 posi,
535 923 588 976 stvc'
602 933 617 977 u
629 928 731 979 Poetelio
745 929 873 994 distarem,

120 998 173 1048 srve
194 1001 229 1050 ab
247 1006 278 1052 C.
299 1006 376 1068 Junio
396 1005 504 1067 consule,
522 1005 591 1066 (uam
605 1016 738 1072 utrumque
757 1007 872 1070 traditur)

122 1078 192 1126 Nola
203 1079 236 1128 esl
247 1092 328 1146 capta.
363 1083 415 1148 Qui
436 1093 515 1149 captae
532 1081 606 1130 decus
618 1083 691 1132 Nolae
701 1082 733 1132 ad
750 1081 875 1134 consulent

122 1154 235 1216 trahunt,
252 1157 378 1221 adjiciunt,
396 1161 499 1208 Atinam
511 1159 537 1208 dt
551 1159 673 1208 Galatiam
689 1158 721 1208 ab
736 1159 874 1210 eodcmcn·

118 1242 190 1299 ptas,·
208 1236 337 1286 Poetelium
357 1247 451 1302 autem,
466 1237 603 1306 pestilentie
616 1238 679 1300 orti,
698 1236 763 1286 clavi
781 1236 874 1302 figendi

119 1311 193 1359 cauti
204 1307 352 1363 distatorem
363 1313 465 1364 dislmn.
500 1313 579 1364 snetsa
589 1314 614 1364 ἃ
625 1315 719 1364 Pontiae
728 1313 816 1365 eodem
828 1329 872 1364 an·

117 1389 270 1440 nocoloniae
281 1389 390 1440 deduflae
401 1391 466 1441 sunt.
486 1391 565 1456 Suessa¹
581 1397 756 1442 Auruncorum
772 1392 868 1444 sueratr

117 1465 207 1516 Volsci
219 1468 329 1532 Pontias,
346 1469 451 1518 insulam
466 1469 535 1518 sitam
549 1471 575 1520 in
584 1469 714 1537 conspeetu
731 1471 810 1522 litoris
822 1471 868 1536 sui,

118 1545 285 1595 incoluerant.
304 1547 339 1609 dt,
357 1550 498 1596 Interamna
510 1547 535 1597 dt
548 1547 661 1598 Casinum
675 1559 704 1598 ut
720 1547 870 1600 deduceren-

118 1635 159 1673 tur
170 1624 287 1687 coloniae,
306 1625 542 1676 senatusconsultum
553 1625 644 1678 fastum
655 1627 698 1676 eil.
723 1625 765 1677 sed
781 1629 870 1678 trium·

119 1704 189 1754 viros
201 1719 327 1770 creavere,
344 1720 374 1754 ac
390 1705 476 1754 misere
496 1705 643 1755 colonorum
663 1714 771 1771 quatuor
791 1706 869 1758 millia

119 1779 273 1846 insequentes
285 1777 395 1832 consules
407 1785 446 1830 M.
458 1782 580 1842 Valerius,
597 1783 624 1831 P.
638 1782 738 1832 Decius.

150 1863 253 1909 xxix.
271 1861 406 1925 Profligito
416 1859 467 1908 seri:
477 1861 624 1909 Samnitium
634 1860 709 1918 bello,
723 1857 866 1925 priusq'uem

117 1951 146 1985 ea
158 1953 218 1986 cura
235 1934 364 1986 decederet
375 1937 487 1988 Patribus
499 1935 628 1997 Romanis,
645 1934 741 1984 Etrusci
757 1933 814 1984 belli
831 1936 869 1984 sa.

116 2027 157 2062 ma
167 2024 260 2064 exorta
270 2013 313 2062 est.
329 2025 439 2064 necerat
457 2014 486 2062 es
503 2010 647 2078 tempestate
657 2024 716 2073 gens
727 2009 783 2072 alin,
800 2009 870 2072 eujus

118 2086 254 2139 secundum
266 2089 376 2140 Gallicos
394 2089 514 2140 tumultus
529 2101 601 2137 orma
618 2083 768 2136 terribiliora
784 2083 869 2149 essent,

118 2183 194 2234 quum
205 2169 393 2236 propinquitate
409 2169 472 2233 agri,
490 2178 544 2218 turn
554 2163 715 2216 multitudine
724 2163 868 2216 hominum.

119 2249 212 2314 itaque,
228 2247 308 2298 altero
319 2247 450 2298 consulum
462 2248 487 2296 in
499 2246 598 2297 Samnio
609 2246 726 2311 reliquias
741 2243 799 2294 belli
811 2259 868 2310 per-

118 2323 241 2390 sequente,
257 2326 286 2374 P.
297 2325 402 2387 Decius,
414 2323 458 2388 qui
470 2324 579 2387 graviter
595 2338 659 2388 reget
670 2316 762 2372 Romae'
773 2321 868 2372 restite.

117 2399 279 2466 rat,·auiiore
296 2401 382 2452 senatu
399 2393 545 2452 ditiatoreni
562 2404 591 2449 C.
610 2400 712 2464 Junium
725 2399 868 2452 Bubulcum

117 2479 190 2530 dixit.
208 2480 237 2542 is,
255 2489 332 2547 prout
345 2481 382 2530 rei
401 2478 549 2544 magnitudo
565 2477 711 2546 posidebat,
728 2492 812 2528 onmes
821 2477 864 2540 ju·

118 2560 198 2610 niotes
209 2556 362 2608 sacramento
373 2557 471 2623 adigit:
490 2571 567 2621 mma,
584 2570 687 2622 queque
703 2556 751 2606 alia
767 2571 805 2608 res
816 2572 864 2624 po·

118 2636 169 2697 seit,
185 2635 279 2686 summu
292 2635 410 2688 industrii
421 2646 508 2703 parat:
527 2649 573 2686 nec
584 2636 658 2685 tantis
669 2635 825 2702 apparatibus
837 2651 863 2685 e-

116 2716 177 2766 latus
187 2713 218 2764 de
234 2713 365 2766 inserendo
381 2713 447 2764 bello
460 2714 547 2778 agitat,
564 2704 690 2781 quieturus
703 2712 767 2762 haud
779 2713 862 2778 dubis,

118 2794 160 2844 nili
170 2793 236 2844 ultro
255 2807 326 2843 arma
337 2792 433 2842 Etrusci
446 2792 573 2842 inferrent.
608 2790 699 2840 Eadem
714 2792 739 2840 in
759 2807 861 2857 compa-

117 2872 193 2924 rando
211 2870 404 2936 cohibendoque
422 2869 489 2922 bello
508 2869 608 2921 consilia
619 2871 645 2920 ἃ
662 2868 727 2938 apud
744 2869 861 2922 Etruscos

119 2951 191 3001 srtcre
208 2951 291 3002 neutri
302 2949 393 2999 finibus
404 2949 496 3014 egressi.
515 2951 541 3000 ἃ
554 2949 656 3000 censura
669 2949 734 2998 clara
748 2963 779 3000 eo
793 2965 866 3000 anno

117 3030 169 3096 Ap.
186 3028 281 3082 claudii
297 3027 324 3086 δι
339 3031 369 3080 C.
381 3028 470 3082 Plautii
488 3028 553 3096 suit5
568 3027 694 3082 memoria
717 3036 805 3152 tamin·
822 3026 863 3110 se·-¹

785 3111 861 3160 crocu
