2126 3642
189 227 240 284 edd
447 221 677 280 ³121.th

188 318 239 369 duo
251 315 379 382 &viginti
394 331 438 385 per
453 317 563 370 triduum
576 320 601 369 in
613 319 670 371 loro
682 317 811 371 dederunt.
847 318 947 375 AEdiles

187 393 291 456 curules,
316 397 345 443 G.
363 395 493 459 Laetorius,
514 396 540 446 te
558 395 602 446 Ti.
622 397 781 464 Sempronius
800 395 945 465 Gracchus,

186 470 272 522 eonsul
290 471 436 536 designatus,
459 474 501 539 qui
519 475 544 524 in
562 474 677 524 aedilitate
693 473 809 540 magister
825 477 944 541 equitum
1048 499 1049 536 i

184 548 274 614 suerat,
292 550 363 600 ludos
381 555 506 602 Romanos
523 552 643 616 fecerunt,
660 553 703 620 qui
723 567 766 620 per
777 552 888 603 triduum
900 555 942 604 in·

181 625 359 678 llauratisunt.
393 628 486 678 Plebeii
500 628 551 679 ludi
568 628 676 679 edilium
688 631 727 679 M.
739 629 834 678 Aurelii
854 633 941 680 Cottae

184 705 211 758 dt
223 709 261 765 M.
276 705 372 756 Claudii
383 707 494 757 Marcelli
507 717 544 757 ter
553 707 688 758 instaurati.
717 701 875 757 Circumaiio
888 717 940 758 ter·

183 785 223 835 rio
235 800 300 836 anno
320 787 406 836 Punici
424 785 491 851 belli,
510 787 555 837 Ti.
574 786 733 854 sempronius
748 785 834 836 consul
850 786 940 838 ldibus

182 864 285 916 Martiis
297 865 463 928 magistratum
475 865 541 916 iniit.
559 865 676 914 Praetores
694 868 728 928 Q.
742 863 847 913 Fulvius
864 865 938 914 Flac-

181 955 235 1006 cus,
253 943 297 1008 qui
310 951 383 992 antea
398 939 484 992 consul
494 941 627 1007 censorque
636 941 724 1004 suern,
741 940 876 1002 urbanum
895 943 936 990 M.

182 1021 298 1072 Valerius
311 1021 428 1072 Lae'vinus
446 1022 601 1089 peregrinam
614 1019 704 1070 sortem
723 1020 749 1068 in
763 1014 936 1084 juri-sdlilione

182 1099 282 1152 habuit.
317 1105 366 1168 Ap.
387 1101 503 1150 Claudius
524 1100 628 1149 Pulcher
645 1099 762 1162 siciliam,
778 1103 815 1163 Q.
833 1099 936 1148 Mucius

181 1180 294 1232 neaevola
303 1180 437 1229 Sardiniam
454 1179 534 1229 sortiri
544 1177 608 1227 sunt.
645 1181 684 1228 M.
697 1179 817 1228 Marcello
826 1183 935 1244 proe'on-

181 1256 234 1308 fule
244 1258 375 1324 imperium
394 1255 440 1304 elle
458 1257 564 1323 populus
574 1247 649 1320 julsrt,
667 1255 734 1322 quod
752 1255 803 1322 post
819 1258 936 1304 Cannen-

179 1333 232 1386 sem
244 1333 339 1386 cladem
356 1347 419 1382 unus
437 1336 609 1385 Romanorum
625 1334 804 1402 imperatorum
820 1332 936 1384 initalia

180 1411 300 1480 prospere
312 1423 364 1459 rem
376 1407 487 1473 geffillet.

215 1489 317 1540 XXXIi
336 1492 445 1550 Senatus,
463 1503 514 1554 quo
526 1485 565 1537 die
581 1487 694 1556 primum
711 1487 744 1538 esi
762 1487 788 1538 in
806 1487 935 1554 Capitolio

178 1563 314 1628 consultus,
331 1563 452 1629 decrevit,
468 1575 505 1628 ut,
524 1567 617 1629 quo¹eo
631 1579 698 1614 anno
708 1566 801 1633 duplex
813 1563 935 1614 tributum

178 1639 350 1716 imperaretur,
367 1641 472 1710 simplex
482 1642 609 1693 confestim
621 1643 771 1708 exigeretur,
790 1651 823 1693 ex
832 1655 883 1710 quo
893 1643 945 1692 lli·-

178 1720 299 1792 pendium
318 1719 421 1787 piaelens
438 1721 554 1773 omnibus
569 1721 690 1772 militibus
708 1720 815 1785 daretur,
832 1731 934 1788 praeter-

177 1815 255 1869 quarn
266 1800 310 1868 qui
321 1800 412 1852 milites
427 1801 459 1852 ad
469 1805 566 1852 Cannas
581 1799 688 1851 luissent.
723 1803 763 1851 De
780 1801 934 1853 exercitibus

177 1878 214 1931 ite
223 1878 395 1942 decreverunt,
405 1890 433 1929 ut
443 1879 686 1943 duabus'legionibus
694 1878 795 1930 urbanis
807 1879 851 1927 Ti.
863 1883 932 1929 sem-

174 1955 278 2028 pronius
292 1958 379 2010 consul
393 1960 462 2009 Cales
471 1957 503 2010 ad
518 1957 720 2010 conveniendum
733 1957 798 2008 diem
808 1956 931 2008 ediceret:

177 2038 241 2090 Inde
253 2035 297 2090 sex
308 2037 416 2104 legiones
434 2039 460 2088 in
475 2033 551 2088 callra
564 2036 700 2086 Claudiana
714 2034 786 2104 supra
797 2033 932 2086 Suessulam

176 2110 366 2168 deducerentur.
385 2131 440 2180 quae
460 2115 496 2165 ibi
516 2113 626 2178 legiones
647 2111 730 2177 client,
748 2106 827 2175 (erant
844 2121 931 2162 autern

178 2193 310 2244 Cannensis
326 2193 436 2242 maxime
452 2193 588 2258 exereitus)
607 2205 648 2242 eas
667 2194 715 2256 Ap.
736 2187 852 2238 claudius
871 2190 930 2238 Pul-

176 2269 237 2321 eher
253 2279 344 2336 praeror
360 2270 385 2318 in
404 2271 510 2322 siciliam
528 2270 653 2333 trajiceret
659 2287 666 2329 ;
681 2277 784 2333 quaerpie
800 2265 825 2314 in
844 2267 929 2317 Sicilia

175 2345 260 2409 ell'ent,
277 2348 383 2397 Romam
395 2347 594 2415 deportarentur.
630 2345 669 2396 nd
681 2345 824 2402 exercitum,
841 2344 883 2394 eui
895 2345 928 2396 ad

175 2423 467 2477 conveniendum-unes
492 2426 570 2476 ediila
591 2426 720 2485 diesem,
742 2423 782 2472 M.
809 2421 929 2474 Claudius

175 2500 308 2556 Marcellus
319 2499 417 2550 missust
435 2501 503 2569 isque
512 2503 590 2568 julius
608 2503 634 2554 in
652 2503 728 2553 canta
741 2500 877 2552 Claudiana
889 2501 929 2550 de·

112 2597 114 2600 ·
174 2577 267 2629 ducere
283 2577 388 2627 urbanas
402 2578 524 2644 legiones.
562 2580 603 2632 Ad
620 2590 731 2630 veterem
742 2579 879 2630 exercitum
891 2593 929 2626 ac·

174 2653 318 2724 cipiendum
329 2653 549 2724 deducendumque
563 2657 620 2708 inde
634 2660 661 2708 in
673 2657 789 2721 Siciliam,
807 2660 842 2706 T.
855 2653 929 2705 Meti-

175 2737 223 2788 lius
236 2739 316 2786 Croto
331 2734 426 2799 legatus
441 2736 473 2786 ab
489 2741 538 2804 Ap.
553 2737 659 2788 Claudio
671 2738 704 2788 est
715 2735 807 2787 missus.
842 2734 928 2784 Taciti

165 2883 167 2886 Ι
173 2817 257 2888 primo
268 2811 472 2881 exspeuaverant
484 2815 606 2880 homines,
624 2824 662 2868 uti
671 2816 757 2869 consul
766 2816 871 2868 comitia
881 2813 929 2864 col·

171 2893 238 2960 lege
253 2890 361 2942 creando
375 2889 488 2943 liaberet.
514 2893 611 2959 deinde,
629 2895 674 2946 ubi
691 2896 842 2959 ablegatum,
859 2892 929 2941 velut

170 2971 214 3025 ‘de
224 2970 349 3033 industria,
365 2972 405 3020 M.
425 2972 572 3023 Marcellum
590 2971 717 3039 viderunt,
734 2983 809 3038 quern
819 2971 931 3021 maxime

168 3051 304 3112 wusulem
317 3051 344 3105 lu
358 3057 520 3110 euunnnum
531 3049 565 3106 ob
575 3053 673 3122 egregie
682 3055 709 3108 iu
716 3055 824 3123 praeuia
834 3065 874 3104 res
879 3061 929 3178 ἐξ,
