2076 3612
375 183 547 261 'arnna
581 207 631 258 rx.
839 217 869 271 r,

111 290 205 342 ercitus
219 288 283 340 alter
294 300 352 338 cum
371 287 471 353 Papirio
489 285 589 336 consule
600 285 661 338 locis
670 285 801 339 maritimis
812 299 869 354 per·
895 325 900 336 .

25 413 29 416 .
112 379 220 418 venerat
240 371 324 434 Arpos
344 379 388 432 per
407 364 492 414 omnia
506 375 602 429 pacata,
626 365 772 415 Samnitium
788 365 869 430 magis
962 371 965 378 '

114 443 253 508 injuriis&
268 442 339 506 odio,
355 445 429 505 quam
448 438 570 490 beneficio
581 441 631 490 ullo
643 441 730 508 populi
749 441 867 494 Romani.

115 523 184 570 Nam
193 520 324 582 Samnites,
340 518 369 566 es
384 516 524 584 tempestate
539 517 564 564 in
573 517 698 568 montibus
710 517 812 568 vicatim
823 519 867 568 lra-

115 596 232 661 bitantea
249 594 394 663 campestria
405 593 430 644 a
441 593 565 644 maritima
576 595 638 658 loca,
655 605 800 668 contempto
815 595 867 644 eul-

117 684 201 725 torum
211 675 331 724 molliore
342 683 422 737 atque,
435 684 462 722 ut
474 674 559 722 evenit
570 673 628 736 sere,
638 673 699 724 locis
710 672 780 724 simili
793 687 867 738 genc-

115 768 151 816 re,
168 753 212 819 ipfi
229 752 345 802 montani
363 761 436 816 atque
452 751 554 815 agrestes
571 749 795 818 depopulabantur.
812 765 867 818 quas

113 831 186 894 regio
202 829 221 879 si
237 829 289 879 fida
307 827 454 879 Samnitibus
471 828 559 891 fuisset,
577 839 620 878 aut
637 828 769 896 pervenire
786 831 867 895 Arpbs

115 909 241 959 exercitus
252 910 382 960 Romanus
393 905 518 972 nequisset,
535 916 580 956 aut
595 905 721 970 interjefia
738 907 802 957 inter
817 909 868 958 Ru·

114 1001 187 1037 mam
207 985 232 1034 ἃ
253 988 342 1053 Arpos,
367 985 470 1051 penuria
485 977 569 1034 rerum
582 985 703 1048 omnium,
726 981 870 1034 exclusosa'

118 1063 302 1114 commeatibus
312 1062 484 1130 absumpsisset.
502 1066 574 1110 Tum
586 1076 684 1126 quoque
697 1059 818 1126 proiesios
829 1061 868 1110 itt·

118 1138 153 1190 de
162 1137 195 1188 ad
211 1140 349 1204 Luceriam,
362 1139 437 1203 juxta
454 1136 591 1189 obsidentes
610 1133 773 1202 obsessosque,
783 1135 874 1202 inopia

116 1219 235 1268 vexarit.
252 1219 338 1270 omnia
355 1217 388 1266 ab
408 1217 482 1284 Aspis
502 1215 620 1266 Romanis
632 1213 867 1282 suppeditabantur,

116 1301 233 1348 ceterum
240 1295 303 1348 adeo
323 1296 420 1360 exigue,
437 1305 466 1344 ut
482 1295 565 1357 militi,
582 1303 706 1362 occupato
720 1291 868 1344 stationibus

116 1373 260 1440 vigiliisque
272 1375 392 1442 scopere,
409 1389 481 1438 eques
492 1372 607 1424 folliculis
618 1373 644 1422 in
656 1371 732 1422 casira
748 1371 780 1422 ab
793 1371 867 1440 Arpis

116 1453 273 1506 fulmentum
284 1451 386 1502 veheret
392 1471 399 1512 ς
420 1450 543 1502 interdum
554 1447 658 1500 occursu
674 1449 780 1500 hostium
791 1463 867 1520 coge·

116 1543 192 1595 tetur,
218 1529 317 1594 abjesio
336 1543 369 1580 ex
390 1545 455 1596 equo
474 1529 608 1593 frumento,
631 1542 750 1596 pugnare.
768 1525 866 1578 obscsiis

118 1612 194 1678 prius,
214 1615 291 1676 quam
302 1609 366 1658 aiter
382 1608 571 1660 consultislorc
588 1608 702 1658 exercitu
713 1605 823 1670 advenit,
840 1605 867 1657 ἃ

116 1699 270 1740 commeatus
287 1703 321 1738 ex
338 1688 464 1738 montibus
483 1687 628 1738 Samnitium
639 1683 733 1735 invesii
744 1692 822 1746 erant,
839 1683 866 1734 dt

116 1768 210 1818 auxilia
218 1763 365 1816 intromissa.
399 1765 513 1816 Arsiiota
528 1765 612 1817 omnia
629 1761 751 1814 adventus
766 1757 867 1812 Publilii

118 1845 195 1906 secit5
210 1845 261 1911 qui,
278 1843 407 1897 oblidione
420 1841 538 1908 delegata·
548 1842 575 1891 in
593 1855 678 1890 cutam
694 1839 803 1901 collega,
820 1852 866 1908 va·

118 1937 180 1972 etrus
191 1937 312 1990 peragros
323 1920 410 1972 eunsia
421 1921 507 1988 infesla
522 1916 701 1968 commeatibus
714 1914 819 1964 hostium
830 1913 867 1964 se»

118 2009 193 2050 cerat.
226 1997 313 2066 ltaq'ue
327 2014 404 2066 quum
420 1998 473 2066 spis
484 1996 553 2046 nulla
568 1991 634 2056 esset,
651 1991 744 2042 diutius
762 1989 868 2043 obsesioa
897 2035 902 2042 ,

117 2077 227 2145 inopiam
241 2078 343 2142 lantros,
367 2075 446 2128 cuasii
467 2073 595 2136 Samnites,
618 2069 661 2136 qui
685 2067 716 2118 ad
736 2067 868 2117 Luceriam

117 2157 190 2208 mura
201 2156 334 2219 habebant,
351 2155 460 2222 undique
471 2150 601 2205 contraitis
609 2148 713 2214 viribus,
730 2143 798 2212 figna
809 2159 867 2198 curu

117 2236 216 2303 Papirio
228 2236 351 2288 conserte.

149 2315 223 2362 xlv.
241 2316 289 2364 Per
299 2313 326 2362 id
338 2321 443 2378 tempus,
459 2307 602 2380 parantibus
609 2304 719 2371 utrisque
728 2301 752 2352 se
760 2300 791 2352 ad
800 2316 866 2370 pree·

115 2389 183 2452 lium,
199 2390 274 2456 legati
291 2389 424 2440 Tarentini
441 2387 618 2448 interveniunt,
636 2381 811 2434 denunciantes
823 2384 864 2430 Sa·

116 2467 234 2518 mnitibus
242 2466 420 2534 Romanisque,
436 2466 561 2516 utbellum
571 2465 722 2514 omitterent.
741 2475 785 2528 per
795 2468 866 2526 utros

117 2545 222 2610 sietisiet,
239 2563 291 2612 quo
310 2546 393 2596 minus
410 2543 576 2604 ‚discederetur
592 2542 624 2592 ab
645 2541 725 2603 armis,
749 2535 866 2590 adversus

116 2636 160 2674 eos
178 2621 203 2673 se
215 2638 261 2692 pro
273 2625 355 2675 alteris
372 2633 533 2690 pugnaturos.
567 2622 603 2672 Es
618 2620 742 2686 legatione
754 2616 866 2684 Papirius

116 2699 208 2765 suain,
225 2701 329 2768 perinde
341 2717 370 2752 ac
378 2701 540 2750 motusdislis
555 2713 650 2762 eorum,
667 2713 724 2748 cum
734 2696 828 2762 collega
839 2693 865 2746 se

117 2780 359 2830 communicaturum
367 2777 508 2845 respondit:
525 2778 656 2844 accitoque
668 2791 707 2839 eo,
718 2790 794 2840 quum
806 2783 865 2826 tem·

119 2867 164 2920 pus
175 2870 249 2906 omne
266 2856 293 2906 in
311 2866 431 2921 apparatu
442 2849 630 2924 consumpsisset,
647 2851 783 2904 collocutus
794 2851 825 2902 de
837 2865 866 2902 re

120 2929 185 2981 haud
193 2932 276 2998 dubia,
294 2931 390 2998 signum
401 2949 488 3002 pugna
503 2933 642 3004 proposuit.
678 2931 817 2997 agentibus
825 2929 864 2980 di·

120 3003 182 3064 vina
200 3006 364 3080 humanaque,
376 3025 435 3080 qua
452 3009 561 3079 adolent,
577 3024 656 3082 quum
670 3006 724 3060 aeis
742 3005 865 3132 dimiqu
901 3017 902 3022 ¹
