<?xml version="1.0" encoding="UTF-8"?>
<!DOCTYPE html PUBLIC "-//W3C//DTD XHTML 1.0 Transitional//EN"
    "http://www.w3.org/TR/xhtml1/DTD/xhtml1-transitional.dtd">
<html xmlns="http://www.w3.org/1999/xhtml" xml:lang="en" lang="en">
 <head>
  <title>
</title>
<meta http-equiv="Content-Type" content="text/html;charset=utf-8" />
  <meta name='ocr-system' content='tesseract 3.04.00' />
  <meta name='ocr-capabilities' content='ocr_page ocr_carea ocr_par ocr_line ocrx_word'/>
</head>
<body>
  <div class='ocr_page' id='page_1' title='image "./historiarumabur00livygoog_0034.png"; bbox 0 0 2076 3612; ppageno 0'>
   <div class='ocr_carea' id='block_1_1' title="bbox 382 213 889 282">
    <p class='ocr_par' dir='ltr' id='par_1_1' title="bbox 382 213 889 282">
     <span class='ocr_line' id='line_1_1' title="bbox 382 213 889 282; baseline 0.014 -18"><span class='ocrx_word' id='word_1_1' title='bbox 382 213 630 264; x_wconf 65' lang='lat' dir='ltr'>L1ssn1m</span> <span class='ocrx_word' id='word_1_2' title='bbox 855 235 889 282; x_wconf 60' lang='lat' dir='ltr'><strong>a</strong></span> 
     </span>
    </p>
   </div>
   <div class='ocr_carea' id='block_1_2' title="bbox 78 297 909 3085">
    <p class='ocr_par' dir='ltr' id='par_1_2' title="bbox 78 297 909 3085">
     <span class='ocr_line' id='line_1_2' title="bbox 129 297 889 370; baseline -0.004 -16"><span class='ocrx_word' id='word_1_3' title='bbox 129 303 246 370; x_wconf 85' lang='lat' dir='ltr'>utrinque</span> <span class='ocrx_word' id='word_1_4' title='bbox 256 297 342 351; x_wconf 79' lang='lat' dir='ltr'><strong>clades</strong></span> <span class='ocrx_word' id='word_1_5' title='bbox 351 300 377 350; x_wconf 74' lang='grc' dir='ltr'>ἃ</span> <span class='ocrx_word' id='word_1_6' title='bbox 389 301 455 350; x_wconf 82' lang='lat' dir='ltr'>clara</span> <span class='ocrx_word' id='word_1_7' title='bbox 471 299 581 368; x_wconf 85' lang='lat' dir='ltr'>ipsorum</span> <span class='ocrx_word' id='word_1_8' title='bbox 593 301 684 350; x_wconf 90' lang='lat' dir='ltr'>ducum</span> <span class='ocrx_word' id='word_1_9' title='bbox 696 298 779 354; x_wconf 78' lang='lat' dir='ltr'>ederet</span> <span class='ocrx_word' id='word_1_10' title='bbox 790 299 889 354; x_wconf 78' lang='lat' dir='ltr'>funera.</span> 
     </span>
     <span class='ocr_line' id='line_1_3' title="bbox 129 380 889 447; baseline 0.001 -16"><span class='ocrx_word' id='word_1_11' title='bbox 129 385 199 432; x_wconf 86' lang='lat' dir='ltr'>Prior</span> <span class='ocrx_word' id='word_1_12' title='bbox 217 380 370 431; x_wconf 86' lang='lat' dir='ltr'>Samnitium</span> <span class='ocrx_word' id='word_1_13' title='bbox 391 380 537 446; x_wconf 88' lang='lat' dir='ltr'>imperator,</span> <span class='ocrx_word' id='word_1_14' title='bbox 562 393 625 443; x_wconf 71' lang='lat' dir='ltr'>agre</span> <span class='ocrx_word' id='word_1_15' title='bbox 643 381 746 445; x_wconf 87' lang='lat' dir='ltr'>patiens,</span> <span class='ocrx_word' id='word_1_16' title='bbox 768 385 819 447; x_wconf 82' lang='lat' dir='ltr'>qud</span> <span class='ocrx_word' id='word_1_17' title='bbox 836 393 889 432; x_wconf 85' lang='lat' dir='ltr'>tam</span> 
     </span>
     <span class='ocr_line' id='line_1_4' title="bbox 129 456 888 526; baseline 0.001 -17"><span class='ocrx_word' id='word_1_18' title='bbox 129 460 248 510; x_wconf 77' lang='lat' dir='ltr'>ferociter</span> <span class='ocrx_word' id='word_1_19' title='bbox 266 456 439 524; x_wconf 79' lang='lat' dir='ltr'>adequitaillet,</span> <span class='ocrx_word' id='word_1_20' title='bbox 458 457 516 508; x_wconf 90' lang='lat' dir='ltr'>inde</span> <span class='ocrx_word' id='word_1_21' title='bbox 536 456 560 506; x_wconf 92' lang='lat' dir='ltr'>se</span> <span class='ocrx_word' id='word_1_22' title='bbox 575 456 643 506; x_wconf 90' lang='lat' dir='ltr'>sundi</span> <span class='ocrx_word' id='word_1_23' title='bbox 657 457 795 526; x_wconf 84' lang='lat' dir='ltr'>sugarlque‚</span> <span class='ocrx_word' id='word_1_24' title='bbox 812 475 888 510; x_wconf 87' lang='lat' dir='ltr'>oran-</span> 
     </span>
     <span class='ocr_line' id='line_1_5' title="bbox 131 536 888 603; baseline 0.001 -16"><span class='ocrx_word' id='word_1_25' title='bbox 131 539 164 588; x_wconf 89' lang='lat' dir='ltr'>do</span> <span class='ocrx_word' id='word_1_26' title='bbox 176 537 355 602; x_wconf 81' lang='lat' dir='ltr'>hortandoque</span> <span class='ocrx_word' id='word_1_27' title='bbox 367 538 460 602; x_wconf 82' lang='lat' dir='ltr'>equites</span> <span class='ocrx_word' id='word_1_28' title='bbox 476 536 588 603; x_wconf 82' lang='lat' dir='ltr'>proelium</span> <span class='ocrx_word' id='word_1_29' title='bbox 599 536 744 602; x_wconf 83' lang='lat' dir='ltr'>integravit.</span> <span class='ocrx_word' id='word_1_30' title='bbox 763 539 788 586; x_wconf 91' lang='lat' dir='ltr'>in</span> <span class='ocrx_word' id='word_1_31' title='bbox 804 553 888 603; x_wconf 83' lang='lat' dir='ltr'>quern,</span> 
     </span>
     <span class='ocr_line' id='line_1_6' title="bbox 132 615 886 682; baseline 0.003 -16"><span class='ocrx_word' id='word_1_32' title='bbox 132 617 251 682; x_wconf 80' lang='lat' dir='ltr'>infignem</span> <span class='ocrx_word' id='word_1_33' title='bbox 269 619 337 666; x_wconf 92' lang='lat' dir='ltr'>inter</span> <span class='ocrx_word' id='word_1_34' title='bbox 354 615 410 666; x_wconf 86' lang='lat' dir='ltr'>suos</span> <span class='ocrx_word' id='word_1_35' title='bbox 428 617 535 666; x_wconf 88' lang='lat' dir='ltr'>cientem</span> <span class='ocrx_word' id='word_1_36' title='bbox 553 630 671 682; x_wconf 81' lang='lat' dir='ltr'>pugnam,</span> <span class='ocrx_word' id='word_1_37' title='bbox 687 616 799 681; x_wconf 81' lang='lat' dir='ltr'>magister</span> <span class='ocrx_word' id='word_1_38' title='bbox 817 618 886 682; x_wconf 90' lang='lat' dir='ltr'>equi-</span> 
     </span>
     <span class='ocr_line' id='line_1_7' title="bbox 132 693 888 762; baseline 0.005 -18"><span class='ocrx_word' id='word_1_39' title='bbox 132 707 184 744; x_wconf 89' lang='lat' dir='ltr'>tum</span> <span class='ocrx_word' id='word_1_40' title='bbox 197 700 334 746; x_wconf 88' lang='lat' dir='ltr'>Romanus</span> <span class='ocrx_word' id='word_1_41' title='bbox 354 695 437 746; x_wconf 74' lang='lat' dir='ltr'>infesti</span> <span class='ocrx_word' id='word_1_42' title='bbox 449 694 550 762; x_wconf 84' lang='lat' dir='ltr'>cuspide</span> <span class='ocrx_word' id='word_1_43' title='bbox 567 695 602 744; x_wconf 87' lang='lat' dir='ltr'>ita</span> <span class='ocrx_word' id='word_1_44' title='bbox 618 693 726 762; x_wconf 79' lang='lat' dir='ltr'>permisit</span> <span class='ocrx_word' id='word_1_45' title='bbox 743 712 842 762; x_wconf 88' lang='lat' dir='ltr'>equum,</span> <span class='ocrx_word' id='word_1_46' title='bbox 858 708 888 750; x_wconf 84' lang='lat' dir='ltr'>ut</span> 
     </span>
     <span class='ocr_line' id='line_1_8' title="bbox 131 773 888 841; baseline 0.005 -19"><span class='ocrx_word' id='word_1_47' title='bbox 131 789 183 824; x_wconf 88' lang='lat' dir='ltr'>uno</span> <span class='ocrx_word' id='word_1_48' title='bbox 194 775 246 826; x_wconf 71' lang='lat' dir='ltr'>istu</span> <span class='ocrx_word' id='word_1_49' title='bbox 259 774 405 824; x_wconf 86' lang='lat' dir='ltr'>exanimem</span> <span class='ocrx_word' id='word_1_50' title='bbox 417 789 481 840; x_wconf 88' lang='lat' dir='ltr'>equo</span> <span class='ocrx_word' id='word_1_51' title='bbox 494 773 674 841; x_wconf 70' lang='lat' dir='ltr'>precipitaret:</span> <span class='ocrx_word' id='word_1_52' title='bbox 692 791 745 838; x_wconf 86' lang='lat' dir='ltr'>nce,</span> <span class='ocrx_word' id='word_1_53' title='bbox 763 786 791 825; x_wconf 92' lang='lat' dir='ltr'>ut</span> <span class='ocrx_word' id='word_1_54' title='bbox 801 775 837 836; x_wconf 85' lang='lat' dir='ltr'>tit,</span> <span class='ocrx_word' id='word_1_55' title='bbox 854 774 888 826; x_wconf 83' lang='lat' dir='ltr'>ad</span> 
     </span>
     <span class='ocr_line' id='line_1_9' title="bbox 128 851 887 918; baseline 0.005 -18"><span class='ocrx_word' id='word_1_56' title='bbox 128 852 201 902; x_wconf 87' lang='lat' dir='ltr'>ducis</span> <span class='ocrx_word' id='word_1_57' title='bbox 209 851 297 902; x_wconf 88' lang='lat' dir='ltr'>casum</span> <span class='ocrx_word' id='word_1_58' title='bbox 313 851 423 918; x_wconf 88' lang='lat' dir='ltr'>perculsa</span> <span class='ocrx_word' id='word_1_59' title='bbox 440 853 527 916; x_wconf 85' lang='lat' dir='ltr'>magis,</span> <span class='ocrx_word' id='word_1_60' title='bbox 545 857 619 916; x_wconf 69' lang='lat' dir='ltr'>quim</span> <span class='ocrx_word' id='word_1_61' title='bbox 636 851 739 912; x_wconf 86' lang='lat' dir='ltr'>irritata,</span> <span class='ocrx_word' id='word_1_62' title='bbox 757 852 789 902; x_wconf 79' lang='lat' dir='ltr'>cli</span> <span class='ocrx_word' id='word_1_63' title='bbox 801 853 887 904; x_wconf 88' lang='lat' dir='ltr'>multi·</span> 
     </span>
     <span class='ocr_line' id='line_1_10' title="bbox 130 928 885 994; baseline 0.004 -17"><span class='ocrx_word' id='word_1_64' title='bbox 130 928 204 978; x_wconf 86' lang='lat' dir='ltr'>tudo.</span> <span class='ocrx_word' id='word_1_65' title='bbox 241 933 343 992; x_wconf 82' lang='lat' dir='ltr'>Omnes,</span> <span class='ocrx_word' id='word_1_66' title='bbox 361 930 404 994; x_wconf 91' lang='lat' dir='ltr'>qui</span> <span class='ocrx_word' id='word_1_67' title='bbox 424 930 489 978; x_wconf 74' lang='lat' dir='ltr'>circa</span> <span class='ocrx_word' id='word_1_68' title='bbox 509 939 586 988; x_wconf 88' lang='lat' dir='ltr'>erant,</span> <span class='ocrx_word' id='word_1_69' title='bbox 612 929 638 978; x_wconf 92' lang='lat' dir='ltr'>in</span> <span class='ocrx_word' id='word_1_70' title='bbox 660 929 772 991; x_wconf 83' lang='lat' dir='ltr'>Aulium,</span> <span class='ocrx_word' id='word_1_71' title='bbox 790 941 885 980; x_wconf 88' lang='lat' dir='ltr'>temere</span> 
     </span>
     <span class='ocr_line' id='line_1_11' title="bbox 132 1003 888 1071; baseline 0.005 -19"><span class='ocrx_word' id='word_1_72' title='bbox 132 1003 265 1052; x_wconf 69' lang='lat' dir='ltr'>incestum</span> <span class='ocrx_word' id='word_1_73' title='bbox 278 1020 321 1071; x_wconf 89' lang='lat' dir='ltr'>per</span> <span class='ocrx_word' id='word_1_74' title='bbox 331 1007 437 1056; x_wconf 84' lang='lat' dir='ltr'>hostium</span> <span class='ocrx_word' id='word_1_75' title='bbox 449 1016 552 1066; x_wconf 87' lang='lat' dir='ltr'>turmas,</span> <span class='ocrx_word' id='word_1_76' title='bbox 570 1003 617 1052; x_wconf 88' lang='lat' dir='ltr'>tela</span> <span class='ocrx_word' id='word_1_77' title='bbox 629 1003 797 1067; x_wconf 88' lang='lat' dir='ltr'>conjecerunt.</span> <span class='ocrx_word' id='word_1_78' title='bbox 827 1008 888 1056; x_wconf 85' lang='lat' dir='ltr'>Fra·</span> 
     </span>
     <span class='ocr_line' id='line_1_12' title="bbox 133 1079 888 1146; baseline 0.003 -18"><span class='ocrx_word' id='word_1_79' title='bbox 133 1081 168 1128; x_wconf 90' lang='lat' dir='ltr'>tri</span> <span class='ocrx_word' id='word_1_80' title='bbox 182 1081 333 1146; x_wconf 69' lang='lat' dir='ltr'>precipuum</span> <span class='ocrx_word' id='word_1_81' title='bbox 343 1079 417 1131; x_wconf 86' lang='lat' dir='ltr'>decus</span> <span class='ocrx_word' id='word_1_82' title='bbox 433 1081 480 1130; x_wconf 91' lang='lat' dir='ltr'>ulti</span> <span class='ocrx_word' id='word_1_83' title='bbox 493 1079 640 1128; x_wconf 84' lang='lat' dir='ltr'>Samnitium</span> <span class='ocrx_word' id='word_1_84' title='bbox 652 1079 806 1145; x_wconf 87' lang='lat' dir='ltr'>imperatoris</span> <span class='ocrx_word' id='word_1_85' title='bbox 815 1079 888 1130; x_wconf 86' lang='lat' dir='ltr'>dedc-</span> 
     </span>
     <span class='ocr_line' id='line_1_13' title="bbox 103 1153 888 1223; baseline 0 -17"><span class='ocrx_word' id='word_1_86' title='bbox 103 1215 106 1223; x_wconf 79' lang='lat'><em>,</em></span> <span class='ocrx_word' id='word_1_87' title='bbox 129 1167 203 1206; x_wconf 81' lang='lat' dir='ltr'>sunt.</span> <span class='ocrx_word' id='word_1_88' title='bbox 222 1155 244 1203; x_wconf 90' lang='lat' dir='ltr'>is</span> <span class='ocrx_word' id='word_1_89' title='bbox 256 1154 373 1208; x_wconf 71' lang='lat' dir='ltr'>viderem</span> <span class='ocrx_word' id='word_1_90' title='bbox 386 1155 523 1206; x_wconf 73' lang='lat' dir='ltr'>dettasium</span> <span class='ocrx_word' id='word_1_91' title='bbox 535 1170 569 1207; x_wconf 80' lang='lat' dir='ltr'>ex</span> <span class='ocrx_word' id='word_1_92' title='bbox 580 1170 646 1220; x_wconf 89' lang='lat' dir='ltr'>equo</span> <span class='ocrx_word' id='word_1_93' title='bbox 661 1153 801 1218; x_wconf 81' lang='lat' dir='ltr'>magistrum</span> <span class='ocrx_word' id='word_1_94' title='bbox 819 1157 888 1222; x_wconf 90' lang='lat' dir='ltr'>equi-</span> 
     </span>
     <span class='ocr_line' id='line_1_14' title="bbox 131 1231 888 1298; baseline 0 -14"><span class='ocrx_word' id='word_1_95' title='bbox 131 1245 196 1297; x_wconf 89' lang='lat' dir='ltr'>turn,</span> <span class='ocrx_word' id='word_1_96' title='bbox 215 1233 301 1298; x_wconf 86' lang='lat' dir='ltr'>plenus</span> <span class='ocrx_word' id='word_1_97' title='bbox 313 1235 425 1286; x_wconf 85' lang='lat' dir='ltr'>moetoris</span> <span class='ocrx_word' id='word_1_98' title='bbox 442 1244 517 1298; x_wconf 89' lang='lat' dir='ltr'>atque</span> <span class='ocrx_word' id='word_1_99' title='bbox 528 1234 578 1295; x_wconf 84' lang='lat' dir='ltr'>irae,</span> <span class='ocrx_word' id='word_1_100' title='bbox 594 1231 748 1283; x_wconf 86' lang='lat' dir='ltr'>trucidavit:</span> <span class='ocrx_word' id='word_1_101' title='bbox 765 1249 811 1283; x_wconf 90' lang='lat' dir='ltr'>nec</span> <span class='ocrx_word' id='word_1_102' title='bbox 823 1233 888 1284; x_wconf 89' lang='lat' dir='ltr'>mul-</span> 
     </span>
     <span class='ocr_line' id='line_1_15' title="bbox 132 1311 887 1388; baseline 0.004 -26"><span class='ocrx_word' id='word_1_103' title='bbox 132 1324 188 1362; x_wconf 91' lang='lat' dir='ltr'>tum</span> <span class='ocrx_word' id='word_1_104' title='bbox 200 1312 273 1374; x_wconf 84' lang='lat' dir='ltr'>asuit,</span> <span class='ocrx_word' id='word_1_105' title='bbox 290 1313 351 1378; x_wconf 92' lang='lat' dir='ltr'>quin</span> <span class='ocrx_word' id='word_1_106' title='bbox 362 1329 468 1381; x_wconf 91' lang='lat' dir='ltr'>corpore</span> <span class='ocrx_word' id='word_1_107' title='bbox 487 1314 570 1376; x_wconf 88' lang='lat' dir='ltr'>etiarn,</span> <span class='ocrx_word' id='word_1_108' title='bbox 586 1311 644 1378; x_wconf 89' lang='lat' dir='ltr'>quia</span> <span class='ocrx_word' id='word_1_109' title='bbox 662 1312 727 1388; x_wconf 77' lang='lat' dir='ltr'>ipter</span> <span class='ocrx_word' id='word_1_110' title='bbox 738 1313 834 1364; x_wconf 84' lang='lat' dir='ltr'>hossiles</span> <span class='ocrx_word' id='word_1_111' title='bbox 846 1331 887 1365; x_wconf 89' lang='lat' dir='ltr'>ce·</span> 
     </span>
     <span class='ocr_line' id='line_1_16' title="bbox 128 1390 887 1460; baseline 0.008 -21"><span class='ocrx_word' id='word_1_112' title='bbox 128 1390 887 1460; x_wconf 55' lang='lat' dir='ltr'>mmmmmfflmmwmmn&amp;mmmo</span> 
     </span>
     <span class='ocr_line' id='line_1_17' title="bbox 130 1466 887 1538; baseline 0.012 -21"><span class='ocrx_word' id='word_1_113' title='bbox 130 1467 163 1517; x_wconf 89' lang='lat' dir='ltr'>ad</span> <span class='ocrx_word' id='word_1_114' title='bbox 175 1466 251 1536; x_wconf 87' lang='lat' dir='ltr'>pedes</span> <span class='ocrx_word' id='word_1_115' title='bbox 269 1467 412 1521; x_wconf 82' lang='lat' dir='ltr'>descensum</span> <span class='ocrx_word' id='word_1_116' title='bbox 429 1470 462 1520; x_wconf 88' lang='lat' dir='ltr'>ab</span> <span class='ocrx_word' id='word_1_117' title='bbox 482 1468 600 1518; x_wconf 87' lang='lat' dir='ltr'>Romanis</span> <span class='ocrx_word' id='word_1_118' title='bbox 616 1469 657 1531; x_wconf 80' lang='lat' dir='ltr'>esi,</span> <span class='ocrx_word' id='word_1_119' title='bbox 675 1469 802 1538; x_wconf 69' lang='lat' dir='ltr'>coadique</span> <span class='ocrx_word' id='word_1_120' title='bbox 818 1473 887 1526; x_wconf 85' lang='lat' dir='ltr'>idem</span> 
     </span>
     <span class='ocr_line' id='line_1_18' title="bbox 130 1545 887 1617; baseline 0.008 -20"><span class='ocrx_word' id='word_1_121' title='bbox 130 1547 255 1597; x_wconf 78' lang='lat' dir='ltr'>Samnites</span> <span class='ocrx_word' id='word_1_122' title='bbox 267 1545 358 1596; x_wconf 83' lang='lat' dir='ltr'>sacete.</span> <span class='ocrx_word' id='word_1_123' title='bbox 376 1548 401 1598; x_wconf 75' lang='lat' dir='ltr'>dt</span> <span class='ocrx_word' id='word_1_124' title='bbox 418 1548 547 1614; x_wconf 85' lang='lat' dir='ltr'>repentina</span> <span class='ocrx_word' id='word_1_125' title='bbox 563 1547 627 1598; x_wconf 82' lang='lat' dir='ltr'>acies</span> <span class='ocrx_word' id='word_1_126' title='bbox 638 1549 704 1599; x_wconf 89' lang='lat' dir='ltr'>circa</span> <span class='ocrx_word' id='word_1_127' title='bbox 722 1565 828 1617; x_wconf 87' lang='lat' dir='ltr'>corpora</span> <span class='ocrx_word' id='word_1_128' title='bbox 840 1551 887 1603; x_wconf 89' lang='lat' dir='ltr'>du·</span> 
     </span>
     <span class='ocr_line' id='line_1_19' title="bbox 80 1624 909 1699; baseline 0.006 -23"><span class='ocrx_word' id='word_1_129' title='bbox 80 1671 87 1682; x_wconf 82' lang='grc'><em>,</em></span> <span class='ocrx_word' id='word_1_130' title='bbox 129 1640 190 1677; x_wconf 83' lang='lat' dir='ltr'>cum</span> <span class='ocrx_word' id='word_1_131' title='bbox 202 1624 315 1692; x_wconf 81' lang='lat' dir='ltr'>pedestre</span> <span class='ocrx_word' id='word_1_132' title='bbox 333 1627 447 1693; x_wconf 73' lang='lat' dir='ltr'>prelium</span> <span class='ocrx_word' id='word_1_133' title='bbox 464 1627 530 1691; x_wconf 87' lang='lat' dir='ltr'>iniit,</span> <span class='ocrx_word' id='word_1_134' title='bbox 547 1640 598 1693; x_wconf 90' lang='lat' dir='ltr'>quo</span> <span class='ocrx_word' id='word_1_135' title='bbox 614 1626 680 1676; x_wconf 91' lang='lat' dir='ltr'>haud</span> <span class='ocrx_word' id='word_1_136' title='bbox 698 1626 773 1678; x_wconf 78' lang='lat' dir='ltr'>dubie</span> <span class='ocrx_word' id='word_1_137' title='bbox 787 1628 886 1699; x_wconf 91' lang='lat' dir='ltr'>superat</span> <span class='ocrx_word' id='word_1_138' title='bbox 905 1655 909 1660; x_wconf 87' lang='lat'>.</span> 
     </span>
     <span class='ocr_line' id='line_1_20' title="bbox 131 1705 886 1772; baseline 0.011 -18"><span class='ocrx_word' id='word_1_139' title='bbox 131 1706 278 1754; x_wconf 81' lang='lat' dir='ltr'>Romanus:</span> <span class='ocrx_word' id='word_1_140' title='bbox 296 1715 518 1772; x_wconf 86' lang='lat' dir='ltr'>recuperatumque</span> <span class='ocrx_word' id='word_1_141' title='bbox 529 1705 597 1754; x_wconf 81' lang='lat' dir='ltr'>Aulii</span> <span class='ocrx_word' id='word_1_142' title='bbox 618 1720 717 1772; x_wconf 89' lang='lat' dir='ltr'>corpus,</span> <span class='ocrx_word' id='word_1_143' title='bbox 734 1708 886 1762; x_wconf 71' lang='lat' dir='ltr'>misticum</span> 
     </span>
     <span class='ocr_line' id='line_1_21' title="bbox 131 1777 885 1853; baseline 0.009 -24"><span class='ocrx_word' id='word_1_144' title='bbox 131 1777 219 1829; x_wconf 87' lang='lat' dir='ltr'>dolore</span> <span class='ocrx_word' id='word_1_145' title='bbox 230 1780 327 1842; x_wconf 67' lang='lat' dir='ltr'>latitia,</span> <span class='ocrx_word' id='word_1_146' title='bbox 343 1779 450 1832; x_wconf 74' lang='lat' dir='ltr'>visiones</span> <span class='ocrx_word' id='word_1_147' title='bbox 467 1783 493 1832; x_wconf 91' lang='lat' dir='ltr'>in</span> <span class='ocrx_word' id='word_1_148' title='bbox 511 1780 587 1831; x_wconf 81' lang='lat' dir='ltr'>castra</span> <span class='ocrx_word' id='word_1_149' title='bbox 601 1781 721 1830; x_wconf 85' lang='lat' dir='ltr'>referunt.</span> <span class='ocrx_word' id='word_1_150' title='bbox 756 1785 885 1853; x_wconf 82' lang='lat' dir='ltr'>Samnites,</span> 
     </span>
     <span class='ocr_line' id='line_1_22' title="bbox 132 1851 886 1924; baseline 0.008 -22"><span class='ocrx_word' id='word_1_151' title='bbox 132 1854 195 1906; x_wconf 85' lang='lat' dir='ltr'>duce</span> <span class='ocrx_word' id='word_1_152' title='bbox 207 1851 304 1918; x_wconf 78' lang='lat' dir='ltr'>amisso,</span> <span class='ocrx_word' id='word_1_153' title='bbox 321 1855 347 1904; x_wconf 76' lang='lat' dir='ltr'>dt</span> <span class='ocrx_word' id='word_1_154' title='bbox 357 1870 401 1924; x_wconf 88' lang='lat' dir='ltr'>per</span> <span class='ocrx_word' id='word_1_155' title='bbox 411 1855 520 1922; x_wconf 83' lang='lat' dir='ltr'>equestre</span> <span class='ocrx_word' id='word_1_156' title='bbox 533 1865 658 1906; x_wconf 83' lang='lat' dir='ltr'>certamen</span> <span class='ocrx_word' id='word_1_157' title='bbox 670 1856 769 1908; x_wconf 80' lang='lat' dir='ltr'>tentatis</span> <span class='ocrx_word' id='word_1_158' title='bbox 781 1857 886 1924; x_wconf 84' lang='lat' dir='ltr'>viribus,</span> 
     </span>
     <span class='ocr_line' id='line_1_23' title="bbox 133 1928 887 1998; baseline 0.003 -16"><span class='ocrx_word' id='word_1_159' title='bbox 133 1929 223 1982; x_wconf 69' lang='lat' dir='ltr'>omissa</span> <span class='ocrx_word' id='word_1_160' title='bbox 238 1931 353 1993; x_wconf 76' lang='lat' dir='ltr'>saticula,</span> <span class='ocrx_word' id='word_1_161' title='bbox 371 1947 444 1997; x_wconf 82' lang='lat' dir='ltr'>quam</span> <span class='ocrx_word' id='word_1_162' title='bbox 462 1932 630 1996; x_wconf 83' lang='lat' dir='ltr'>nequicquam</span> <span class='ocrx_word' id='word_1_163' title='bbox 648 1928 745 1978; x_wconf 81' lang='lat' dir='ltr'>defendi</span> <span class='ocrx_word' id='word_1_164' title='bbox 763 1933 887 1998; x_wconf 83' lang='lat' dir='ltr'>rebantur,</span> 
     </span>
     <span class='ocr_line' id='line_1_24' title="bbox 132 2006 888 2072; baseline 0.004 -15"><span class='ocrx_word' id='word_1_165' title='bbox 132 2007 163 2058; x_wconf 90' lang='lat' dir='ltr'>ad</span> <span class='ocrx_word' id='word_1_166' title='bbox 174 2008 264 2058; x_wconf 79' lang='lat' dir='ltr'>Plilliae</span> <span class='ocrx_word' id='word_1_167' title='bbox 279 2006 433 2060; x_wconf 76' lang='lat' dir='ltr'>obsidionem</span> <span class='ocrx_word' id='word_1_168' title='bbox 452 2009 557 2060; x_wconf 84' lang='lat' dir='ltr'>redeunt</span> <span class='ocrx_word' id='word_1_169' title='bbox 566 2024 574 2068; x_wconf 87' lang='lat'>;</span> <span class='ocrx_word' id='word_1_170' title='bbox 592 2006 706 2070; x_wconf 85' lang='lat' dir='ltr'>intraque</span> <span class='ocrx_word' id='word_1_171' title='bbox 725 2019 818 2072; x_wconf 87' lang='lat' dir='ltr'>paucos</span> <span class='ocrx_word' id='word_1_172' title='bbox 835 2011 888 2063; x_wconf 85' lang='lat' dir='ltr'>dies</span> 
     </span>
     <span class='ocr_line' id='line_1_25' title="bbox 132 2082 887 2155; baseline 0.005 -19"><span class='ocrx_word' id='word_1_173' title='bbox 132 2085 239 2136; x_wconf 63' lang='lat' dir='ltr'>Saticula</span> <span class='ocrx_word' id='word_1_174' title='bbox 251 2088 380 2138; x_wconf 84' lang='lat' dir='ltr'>Romanus</span> <span class='ocrx_word' id='word_1_175' title='bbox 394 2101 439 2155; x_wconf 90' lang='lat' dir='ltr'>per</span> <span class='ocrx_word' id='word_1_176' title='bbox 454 2085 616 2148; x_wconf 81' lang='lat' dir='ltr'>deditionem,</span> <span class='ocrx_word' id='word_1_177' title='bbox 635 2082 717 2136; x_wconf 77' lang='lat' dir='ltr'>Pullis</span> <span class='ocrx_word' id='word_1_178' title='bbox 729 2099 774 2152; x_wconf 90' lang='lat' dir='ltr'>per</span> <span class='ocrx_word' id='word_1_179' title='bbox 783 2086 837 2138; x_wconf 86' lang='lat' dir='ltr'>vim</span> <span class='ocrx_word' id='word_1_180' title='bbox 845 2093 887 2140; x_wconf 83' lang='lat' dir='ltr'>Sa·</span> 
     </span>
     <span class='ocr_line' id='line_1_26' title="bbox 134 2161 484 2230; baseline 0.006 -19"><span class='ocrx_word' id='word_1_181' title='bbox 134 2161 319 2228; x_wconf 68' lang='lat' dir='ltr'>mnupoumn</span> <span class='ocrx_word' id='word_1_182' title='bbox 482 2225 484 2230; x_wconf 19' lang='grc' dir='ltr'><strong><em>Δ</em></strong></span> 
     </span>
     <span class='ocr_line' id='line_1_27' title="bbox 166 2236 887 2297; baseline 0.007 -9"><span class='ocrx_word' id='word_1_183' title='bbox 166 2241 270 2288; x_wconf 81' lang='lat' dir='ltr'>xxm.</span> <span class='ocrx_word' id='word_1_184' title='bbox 288 2240 389 2288; x_wconf 84' lang='lat' dir='ltr'>Mutata</span> <span class='ocrx_word' id='word_1_185' title='bbox 404 2237 463 2289; x_wconf 85' lang='lat' dir='ltr'>inde</span> <span class='ocrx_word' id='word_1_186' title='bbox 481 2237 540 2288; x_wconf 87' lang='lat' dir='ltr'>belli</span> <span class='ocrx_word' id='word_1_187' title='bbox 558 2236 624 2288; x_wconf 86' lang='lat' dir='ltr'>ledes</span> <span class='ocrx_word' id='word_1_188' title='bbox 638 2237 680 2288; x_wconf 87' lang='lat' dir='ltr'>ell.</span> <span class='ocrx_word' id='word_1_189' title='bbox 697 2239 728 2290; x_wconf 86' lang='lat' dir='ltr'>ad</span> <span class='ocrx_word' id='word_1_190' title='bbox 746 2243 834 2292; x_wconf 87' lang='lat' dir='ltr'>Soram</span> <span class='ocrx_word' id='word_1_191' title='bbox 851 2257 887 2297; x_wconf 83' lang='lat' dir='ltr'>ex</span> 
     </span>
     <span class='ocr_line' id='line_1_28' title="bbox 133 2312 887 2380; baseline 0.008 -16"><span class='ocrx_word' id='word_1_192' title='bbox 133 2315 234 2364; x_wconf 81' lang='lat' dir='ltr'>Samnio</span> <span class='ocrx_word' id='word_1_193' title='bbox 253 2314 396 2380; x_wconf 86' lang='lat' dir='ltr'>Apuliaque</span> <span class='ocrx_word' id='word_1_194' title='bbox 404 2312 520 2365; x_wconf 74' lang='lat' dir='ltr'>tradusiae</span> <span class='ocrx_word' id='word_1_195' title='bbox 531 2316 649 2380; x_wconf 83' lang='lat' dir='ltr'>legiones.</span> <span class='ocrx_word' id='word_1_196' title='bbox 684 2319 744 2368; x_wconf 85' lang='lat' dir='ltr'>Sora</span> <span class='ocrx_word' id='word_1_197' title='bbox 754 2318 786 2368; x_wconf 91' lang='lat' dir='ltr'>ad</span> <span class='ocrx_word' id='word_1_198' title='bbox 794 2321 887 2372; x_wconf 87' lang='lat' dir='ltr'>Samni-</span> 
     </span>
     <span class='ocr_line' id='line_1_29' title="bbox 133 2388 886 2461; baseline 0.009 -22"><span class='ocrx_word' id='word_1_199' title='bbox 133 2400 170 2440; x_wconf 88' lang='lat' dir='ltr'>tes</span> <span class='ocrx_word' id='word_1_200' title='bbox 191 2388 325 2454; x_wconf 81' lang='lat' dir='ltr'>defecerat,</span> <span class='ocrx_word' id='word_1_201' title='bbox 352 2391 486 2442; x_wconf 75' lang='lat' dir='ltr'>intersedis</span> <span class='ocrx_word' id='word_1_202' title='bbox 508 2393 604 2442; x_wconf 87' lang='lat' dir='ltr'>colonis</span> <span class='ocrx_word' id='word_1_203' title='bbox 623 2395 810 2444; x_wconf 65' lang='lat' dir='ltr'>Romanorum.</span> <span class='ocrx_word' id='word_1_204' title='bbox 834 2401 886 2461; x_wconf 82' lang='lat' dir='ltr'>quo</span> 
     </span>
     <span class='ocr_line' id='line_1_30' title="bbox 132 2468 887 2536; baseline 0.013 -21"><span class='ocrx_word' id='word_1_205' title='bbox 132 2482 211 2532; x_wconf 85' lang='lat' dir='ltr'>quum</span> <span class='ocrx_word' id='word_1_206' title='bbox 225 2468 296 2534; x_wconf 92' lang='lat' dir='ltr'>prior</span> <span class='ocrx_word' id='word_1_207' title='bbox 305 2472 433 2518; x_wconf 83' lang='lat' dir='ltr'>Romanus</span> <span class='ocrx_word' id='word_1_208' title='bbox 448 2471 580 2536; x_wconf 85' lang='lat' dir='ltr'>exercitus,</span> <span class='ocrx_word' id='word_1_209' title='bbox 597 2469 808 2522; x_wconf 81' lang='lat' dir='ltr'>adulcisccndam</span> <span class='ocrx_word' id='word_1_210' title='bbox 823 2475 887 2526; x_wconf 90' lang='lat' dir='ltr'>civi·</span> 
     </span>
     <span class='ocr_line' id='line_1_31' title="bbox 134 2546 886 2616; baseline 0.013 -24"><span class='ocrx_word' id='word_1_211' title='bbox 134 2559 177 2592; x_wconf 88' lang='lat' dir='ltr'>um</span> <span class='ocrx_word' id='word_1_212' title='bbox 191 2560 278 2594; x_wconf 87' lang='lat' dir='ltr'>necem</span> <span class='ocrx_word' id='word_1_213' title='bbox 290 2546 530 2612; x_wconf 88' lang='lat' dir='ltr'>recuperandamque</span> <span class='ocrx_word' id='word_1_214' title='bbox 549 2547 681 2608; x_wconf 88' lang='lat' dir='ltr'>coloniam,</span> <span class='ocrx_word' id='word_1_215' title='bbox 698 2552 794 2616; x_wconf 80' lang='lat' dir='ltr'>magnis</span> <span class='ocrx_word' id='word_1_216' title='bbox 811 2551 886 2602; x_wconf 88' lang='lat' dir='ltr'>itine-</span> 
     </span>
     <span class='ocr_line' id='line_1_32' title="bbox 132 2620 886 2694; baseline 0.013 -23"><span class='ocrx_word' id='word_1_217' title='bbox 132 2620 200 2671; x_wconf 85' lang='lat' dir='ltr'>ribus</span> <span class='ocrx_word' id='word_1_218' title='bbox 211 2621 377 2690; x_wconf 81' lang='lat' dir='ltr'>praevepiffet,</span> <span class='ocrx_word' id='word_1_219' title='bbox 401 2625 427 2674; x_wconf 73' lang='grc' dir='ltr'><strong>ἃ</strong></span> <span class='ocrx_word' id='word_1_220' title='bbox 444 2624 516 2692; x_wconf 73' lang='lat' dir='ltr'>sparsi</span> <span class='ocrx_word' id='word_1_221' title='bbox 534 2626 646 2693; x_wconf 82' lang='lat' dir='ltr'>pervias</span> <span class='ocrx_word' id='word_1_222' title='bbox 660 2626 831 2694; x_wconf 84' lang='lat' dir='ltr'>speculatores,</span> <span class='ocrx_word' id='word_1_223' title='bbox 847 2631 886 2682; x_wconf 86' lang='lat' dir='ltr'>se·</span> 
     </span>
     <span class='ocr_line' id='line_1_33' title="bbox 133 2698 886 2770; baseline 0.019 -24"><span class='ocrx_word' id='word_1_224' title='bbox 133 2699 174 2762; x_wconf 94' lang='lat' dir='ltr'>qui</span> <span class='ocrx_word' id='word_1_225' title='bbox 192 2698 305 2762; x_wconf 81' lang='lat' dir='ltr'>legiones</span> <span class='ocrx_word' id='word_1_226' title='bbox 325 2701 480 2767; x_wconf 85' lang='lat' dir='ltr'>Samnitium,</span> <span class='ocrx_word' id='word_1_227' title='bbox 497 2717 542 2752; x_wconf 88' lang='lat' dir='ltr'>nec</span> <span class='ocrx_word' id='word_1_228' title='bbox 561 2701 613 2766; x_wconf 85' lang='lat' dir='ltr'>jam</span> <span class='ocrx_word' id='word_1_229' title='bbox 631 2703 719 2768; x_wconf 89' lang='lat' dir='ltr'>procul</span> <span class='ocrx_word' id='word_1_230' title='bbox 737 2704 824 2770; x_wconf 81' lang='lat' dir='ltr'>abesse,</span> <span class='ocrx_word' id='word_1_231' title='bbox 841 2709 886 2760; x_wconf 87' lang='lat' dir='ltr'>alii</span> 
     </span>
     <span class='ocr_line' id='line_1_34' title="bbox 131 2773 886 2850; baseline 0.019 -27"><span class='ocrx_word' id='word_1_232' title='bbox 131 2773 204 2841; x_wconf 85' lang='lat' dir='ltr'>super</span> <span class='ocrx_word' id='word_1_233' title='bbox 214 2775 288 2840; x_wconf 87' lang='lat' dir='ltr'>alios,</span> <span class='ocrx_word' id='word_1_234' title='bbox 306 2779 467 2838; x_wconf 75' lang='lat' dir='ltr'>nunciarent3</span> <span class='ocrx_word' id='word_1_235' title='bbox 484 2778 587 2829; x_wconf 76' lang='lat' dir='ltr'>obvidtn</span> <span class='ocrx_word' id='word_1_236' title='bbox 605 2779 668 2828; x_wconf 88' lang='lat' dir='ltr'>itum</span> <span class='ocrx_word' id='word_1_237' title='bbox 681 2781 751 2844; x_wconf 84' lang='lat' dir='ltr'>hosti,</span> <span class='ocrx_word' id='word_1_238' title='bbox 768 2794 841 2850; x_wconf 90' lang='lat' dir='ltr'>atque</span> <span class='ocrx_word' id='word_1_239' title='bbox 852 2786 886 2840; x_wconf 89' lang='lat' dir='ltr'>ad</span> 
     </span>
     <span class='ocr_line' id='line_1_35' title="bbox 78 2847 887 2928; baseline 0.019 -29"><span class='ocrx_word' id='word_1_240' title='bbox 78 2847 89 2866; x_wconf 65' lang='grc'><strong>“</strong></span> <span class='ocrx_word' id='word_1_241' title='bbox 134 2851 887 2928; x_wconf 52' lang='lat' dir='ltr'>memmmffipmmdmmmnffl.mnoemq</span> 
     </span>
     <span class='ocr_line' id='line_1_36' title="bbox 135 2927 887 2998; baseline 0.023 -23"><span class='ocrx_word' id='word_1_242' title='bbox 135 2941 188 2976; x_wconf 91' lang='lat' dir='ltr'>non</span> <span class='ocrx_word' id='word_1_243' title='bbox 198 2927 257 2993; x_wconf 86' lang='lat' dir='ltr'>suga</span> <span class='ocrx_word' id='word_1_244' title='bbox 269 2931 371 2980; x_wconf 85' lang='lat' dir='ltr'>alterius</span> <span class='ocrx_word' id='word_1_245' title='bbox 382 2934 466 2997; x_wconf 88' lang='lat' dir='ltr'>partis,</span> <span class='ocrx_word' id='word_1_246' title='bbox 483 2931 522 2982; x_wconf 90' lang='lat' dir='ltr'>sed</span> <span class='ocrx_word' id='word_1_247' title='bbox 534 2948 587 2984; x_wconf 88' lang='lat' dir='ltr'>nox</span> <span class='ocrx_word' id='word_1_248' title='bbox 600 2934 715 2998; x_wconf 88' lang='lat' dir='ltr'>incertos,</span> <span class='ocrx_word' id='word_1_249' title='bbox 732 2938 791 2989; x_wconf 72' lang='lat' dir='ltr'>vitii</span> <span class='ocrx_word' id='word_1_250' title='bbox 803 2940 887 2992; x_wconf 70' lang='lat' dir='ltr'>visio·</span> 
     </span>
     <span class='ocr_line' id='line_1_37' title="bbox 119 3001 888 3085; baseline 0.013 -29"><span class='ocrx_word' id='word_1_251' title='bbox 119 3001 206 3078; x_wconf 16' lang='lat' dir='ltr'>‘resne</span> <span class='ocrx_word' id='word_1_252' title='bbox 216 3005 299 3075; x_wconf 83' lang='lat' dir='ltr'>essent,</span> <span class='ocrx_word' id='word_1_253' title='bbox 318 3007 429 3060; x_wconf 82' lang='lat' dir='ltr'>diremit.</span> <span class='ocrx_word' id='word_1_254' title='bbox 462 3011 570 3064; x_wconf 86' lang='lat' dir='ltr'>Invenio</span> <span class='ocrx_word' id='word_1_255' title='bbox 579 3011 644 3080; x_wconf 87' lang='lat' dir='ltr'>apud</span> <span class='ocrx_word' id='word_1_256' title='bbox 653 3013 782 3085; x_wconf 84' lang='lat' dir='ltr'>quosdam,</span> <span class='ocrx_word' id='word_1_257' title='bbox 795 3017 888 3067; x_wconf 81' lang='lat' dir='ltr'>adver-</span> 
     </span>
    </p>
   </div>
   <div class='ocr_carea' id='block_1_3' title="bbox 0 0 1044 3612">
    <p class='ocr_par' dir='ltr' id='par_1_3' title="bbox 0 0 1044 3612">
     <span class='ocr_line' id='line_1_38' title="bbox 0 0 1044 3612; baseline 0 0"><span class='ocrx_word' id='word_1_258' title='bbox 0 0 1044 3612; x_wconf 95' lang='lat' dir='ltr'> </span> 
     </span>
    </p>
   </div>
  </div>
 </body>
</html>
