2076 3612
344 221 513 289 Ltrnlt
548 227 582 275 x.
811 234 846 292 6,

87 306 138 360 fine
149 310 203 361 ullo
219 311 381 361 memorabili
402 313 497 378 proelio,
513 325 626 382 pacatam
638 314 670 366 ab
679 315 798 372 dillatore
811 325 845 374 Ε.

88 391 194 439 triuiam
207 389 264 454 else,
284 388 448 442 seditionibus
459 397 555 442 tantum
568 395 726 446 Aretinorum
743 415 845 468 compo·

88 467 147 531 litis,
165 470 193 518 ἃ
210 471 298 519 Cilnio
310 477 401 533 genere
417 487 472 522 eum
490 471 561 538 plebe
573 473 598 523 in
615 477 720 537 gratiam
730 478 840 530 redudo.

62 591 65 596 .
89 545 184 594 Consul
195 561 229 597 ex
239 541 364 596 dictatura
375 545 452 597 sadus
463 553 501 598 M.
512 549 633 620 Valerius.
648 567 700 601 non
709 565 850 620 petentem·

88 633 164 687 atque
183 623 246 675 adeo
265 625 345 674 etiam
364 625 497 692 absentem,
515 640 624 678 creatum
644 631 770 694 credidere
789 636 842 700 qui·

88 697 162 760 dam;
180 701 205 750 &
223 715 269 767 per
286 703 436 766 interregem
456 720 485 754 ea
503 706 604 756 comitia
621 705 693 757 salla.
718 709 744 760 id
762 727 849 764 unum·

88 790 141 900 ppo
152 778 300 842 ambigitur,
318 777 471 832 consulatum
482 797 539 832 cum
551 783 675 850 Appuleio
692 787 770 838 Pansa
786 788 839 854 ges·

111 852 153 901 sse.
290 869 292 874 ·

122 933 174 980 VI.
184 935 224 982 M.
238 934 339 984 Valerio
352 935 378 985 ἃ
391 939 423 998 Q.
438 937 564 1003 Appuleio
575 937 724 1004 consulibus,
735 941 791 993 satit
800 959 841 1012 pa·

69 1017 152 1056 ,σεῖε
164 1007 227 1056 soris
238 1025 274 1057 tes
285 1009 360 1060 suere.
394 1012 527 1062 Etruscum
539 1011 640 1060 adversa
652 1015 708 1064 beili
717 1031 756 1066 res
769 1019 841 1070 &iu-

87 1084 174 1134 duciae
185 1085 296 1148 quietum
307 1089 436 1139 tenebant:
453 1089 598 1148 Samnitem,
614 1090 750 1142 multorum
765 1107 842 1146 anno·

87 1177 150 1211 rum
162 1161 273 1214 cladibus
288 1165 415 1231 domitum,
434 1167 561 1216 hauddum
578 1165 675 1224 foederis
692 1170 754 1226 novi
766 1173 850 1238 poni.

89 1241 168 1288 tebat.
203 1244 292 1293 Roma
302 1260 400 1310 quoque
412 1244 510 1312 plebem
522 1245 628 1310 quietam
644 1246 840 1300 &exoneratam

89 1315 194 1368 dedusia
213 1319 241 1368 in
257 1321 367 1372 colonias
383 1320 519 1370 multitudo
536 1322 669 1387 mallabat.
693 1335 789 1391 tamen,
806 1341 849 1382 ne.

90 1393 201 1462 undique
219 1400 354 1463 tranquillae
364 1413 402 1450 res
414 1397 501 1471 είῑεῃες
514 1409 636 1450 certamen
648 1401 763 1465 injesium
773 1405 839 1456 inter

89 1471 210 1536 primores
229 1473 347 1537 civitatis,
364 1475 481 1542 patricios
502 1473 673 1541 plebeiosque,⁸
682 1479 715 1528 ab
734 1480 839 1532 tribunis

90 1548 167 1614 plebis
187 1554 222 1616 Q.
241 1553 327 1602 &Cu
341 1552 461 1616 Ogulniis.
480 1553 531 1618 qui,
548 1553 655 1618 undique
670 1556 847 1620 criminando-,

88 1641 146 1676 rum
158 1629 260 1680 Patrurn
272 1629 338 1696 apud
354 1629 453 1696 plebem
463 1628 630 1679 occasionibus
643 1631 754 1696 quaesitis,
772 1639 837 1699 post.

89 1721 166 1770 quam
178 1707 227 1756 alia
236 1707 323 1758 frustra
334 1717 427 1758 tentata
439 1717 514 1770 erant,
529 1723 582 1756 eam
593 1707 715 1758 acriorem
726 1709 836 1777 suscepe-

90 1794 156 1846 nmr,
173 1785 222 1850 qua
241 1800 292 1836 non
306 1783 421 1833 infimam
432 1783 526 1850 plebem
542 1783 711 1847 accenderent,
729 1785 770 1836 sed
785 1781 841 1852 ipsa'

91 1861 170 1927 capita
178 1862 266 1929 plebis,
276 1861 413 1913 consulares
422 1859 632 1926 triumphalesque
642 1861 766 1926 plebeios:
777 1878 839 1926 quo-

91 1954 144 1990 tum
155 1941 295 1990 honoribus
313 1940 384 2002 nihil,
401 1950 488 2006 praeter
500 1937 644 2000 sacerdotia,
659 1953 715 2003 quse
727 1939 851 2000 nondum,

93 2017 228 2084 promiscua
244 2029 324 2082 crant,
341 2014 438 2068 deesset.
472 2015 639 2080 Rogationem
651 2030 711 2079 ergo
732 2016 841 2081 promul·

93 2093 185 2158 garunr,
203 2105 240 2160 ut,
258 2109 336 2161 quum
344 2105 451 2159 quatuor
460 2107 573 2156 augures,
591 2101 698 2156 quatuor
709 2089 850 2158 pontifices,

93 2172 119 2220 ei
136 2173 279 2240 tempestate
297 2174 381 2234 ell'ent,
404 2171 559 2238 placeretque
578 2169 662 2234 augeri
682 2167 839 2220 sacerdotum
868 2221 873 2230 q

93 2263 226 2315 numerum,
252 2263 361 2318 quatuor
380 2248 519 2318 pontifices
543 2249 652 2314 quinque
671 2264 783 2314 augures,
806 2247 837 2299 dc

92 2329 161 2394 plebe
177 2345 270 2394 omnm,
287 2329 467 2393 adlegerentur.
502 2326 717 2391 Quemadmodum
731 2326 763 2376 ad
779 2341 850 2392 quaa

94 2416 148 2456 tuor
157 2423 284 2472 augurum
292 2420 433 2468 numerum,
450 2401 494 2454 nili
505 2415 585 2454 morte
597 2403 711 2470 duorum,
721 2405 746 2454 id
757 2403 851 2470 redigi⁴

91 2485 220 2549 collegium
232 2487 353 2553 potuerit,
370 2499 420 2534 non
432 2483 552 2543 invenio;
569 2498 645 2548 quum
657 2484 720 2534 inter
733 2498 836 2548 augures
847 2539 850 2547 ,

90 2561 192 2624 constet,
208 2563 327 2630 imparem
347 2575 476 2610 numerum
493 2559 582 2608 debere
596 2558 649 2623 eise,
667 2569 695 2609 ut
712 2571 759 2610 tres
770 2561 834 2612 anti·

91 2652 145 2705 quar
163 2639 247 2705 tribus,
264 2645 384 2702 Ramnes,
401 2637 533 2702 Titienses,
551 2639 666 2701 Luceres,
683 2639 753 2704 suum
772 2655 839 2706 qua.

90 2729 262 2783 queaugritem
279 2719 406 2777 habeant5
422 2726 473 2781 aut,
490 2713 635 2783 fipluribus'
647 2714 676 2764 sit
692 2731 763 2782 opus,
780 2717 851 2784 pari,
909 2779 910 2790 γ

91 2794 154 2844 inter
168 2795 192 2843 se
209 2811 318 2846 numero
333 2793 469 2844 sacerdotes
479 2794 660 2862 multiplicentr
676 2793 736 2844 ficut
752 2796 849 2854 multi,

91 2869 173 2937 pileati
183 2872 246 2936 sunt,
262 2889 344 2940 quum
353 2869 384 2920 ad
400 2882 505 2936 quatuor
523 2873 631 2937 quinque
646 2869 855 2938 adjesliuovem,

90 2960 262 3012 niunerum,ut
273 2949 339 3000 terni
350 2948 378 2995 in
388 2945 489 3011 lingulas
501 2951 583 3013 effe'nt,
592 2949 764 3015 expleverunt.
779 2953 836 3012 ‚Qe-
847 2991 850 3002 .

90 3028 182 3095 tuum,
197 3028 254 3096 quia
265 3026 296 3082 de
308 3025 382 3100 plebe
392 3020 574 3095 adlegebaoiur,
589 3026 663 3094 juxti
676 3041 730 3078 cam
745 3041 796 3078 rem
805 3040 835 3074 ae·
848 3078 852 3086 ,

789 3111 837 3163 gre
