2126 3642
357 229 390 284 ,L
409 229 422 279 1
439 229 458 278 B
476 229 538 280 ER
570 230 674 282 XXHI.
857 229 908 310 asi¹

124 345 126 351 s
151 335 215 385 vor„
226 327 256 369 ut
264 327 318 370 n'on
326 319 357 369 ad
366 321 522 370 munimenta
531 319 607 371 ruodo
618 317 772 372 defendenda
783 319 840 373 satir
851 325 906 376 ani·

49 442 54 459 .
153 415 253 452 morum
268 395 336 462 esset,
352 399 393 449 sed
409 399 485 450 etiarn
503 399 535 450 ad
551 399 714 449 lacessendum
733 399 906 468 hollemproe-
945 415 946 421 ¹
992 413 995 424 ·

153 476 199 528 lio.
233 477 377 551 Erumpunt¹
391 477 468 542 igitur
486 475 586 542 agmine
602 477 616 525 e
632 475 724 541 castris,
741 477 907 546 tripudiantes

153 569 223 605 more
235 555 297 618 suo;
315 557 492 623 repentinaque
504 569 592 606 eorum
601 554 713 606 audacia
724 567 845 608 terrorem
857 557 905 608 ho'·

154 631 191 694 sii,
208 632 284 698 paulo
294 637 352 682 ante
363 633 430 684 ultro
445 632 577 694 lacessenti,
592 632 698 682 incuffir.
716 635 804 700 Itaque
816 633 840 685 de
852 631 907 702 ipse

150 709 295 762 ‘Hasdrubal
322 711 349 764 in
376 713 465 763 collem
488 711 545 762 satis
568 709 681 775 arduum,
698 721 781 764 tutum
803 715 908 764 numine

90 831 97 839 .
155 789 229 839 ctiam
241 789 348 854 objeslo,
365 787 428 841 tum*
438 793 524 860 copias
542 789 656 851 abducit,
670 790 696 840 n
713 789 858 856 praemissam
869 791 906 840 le·

155 881 214 920 rem
222 881 371 920 armaturam
381 871 525 938 equitesque
536 869 632 937 palatos
642 868 731 922 eodem
741 869 849 940 recipit:
859 882 907 922 neo

154 954 198 996 aut
210 946 269 996 colli
285 957 328 998 aut
344 947 441 998 flumini
460 946 517 998 satis
534 945 622 1010 fidens,
638 943 707 996 vallo
718 947 794 996 casira
806 961 906 1014 permu-

152 1023 202 1072 nit.
236 1025 268 1074 In
285 1023 334 1076 hoc
351 1027 447 1078 alterno
465 1037 560 1094 pavore
577 1025 713 1076 certamina
732 1025 829 1091 aliquot
849 1025 907 1076 sunt

155 1101 293 1152 connata.
309 1119 354 1155 nec
372 1104 484 1156 Numida
500 1104 614 1170 Hispano
631 1117 706 1169 eques
724 1119 768 1171 par
779 1102 827 1153 suit
836 1121 844 1164 ;
861 1103 909 1176 nee

88 1217 93 1224 .
152 1179 279 1252 jaculator
290 1185 391 1234 Maurus
403 1195 508 1246 certato,
526 1177 661 1233 velocitate
673 1183 735 1252 pari,
751 1179 844 1234 robore
852 1181 908 1234 ani·

153 1258 192 1308 mi
200 1257 342 1328 viriumque
352 1262 508 1328 aliquantum
516 1258 649 1328 praestanti.

187 1339 301 1388 xxvn.
319 1339 451 1406 Postquam
462 1353 541 1405 neque
558 1339 646 1390 elicere
657 1339 760 1389 Poenum
778 1333 810 1388 ad
827 1348 907 1390 certe·
932 1402 936 1408 Ι

154 1427 212 1466 tucn
225 1415 352 1466 obversati
366 1418 447 1470 castris
459 1427 581 1484 poterant,
589 1429 673 1483 neque
678 1417 812 1468 castrorum
824 1431 909 1486 oppu‹

154 1490 241 1556 gratio
257 1491 337 1543 facilis
355 1504 421 1556 erat;
438 1493 526 1544 urbem
544 1491 661 1558 Ascuam,
678 1495 737 1560 qud,
755 1491 815 1544 fines
829 1493 907 1543 hori·

153 1583 199 1620 uua
215 1569 363 1637 ingrediens,
381 1571 520 1636 Hasdnrbal
537 1571 692 1623 srumentum
702 1572 907 1641 commeatusque

151 1647 216 1700 alios
227 1659 389 1715 convexerat,
407 1651 435 1700 vi
447 1651 559 1718 capiunt,
575 1651 695 1718 omnique
707 1650 852 1716 eirca'agro
863 1665 908 1720 po·

151 1724 259 1786 tiuntut.
277 1739 324 1776 nec
341 1726 402 1792 jam,
420 1737 463 1778 aut
480 1727 506 1776 in
523 1728 630 1792 agmine,
646 1729 729 1777 autin
744 1725 834 1790 eastris,
852 1725 908 1776 ullo

152 1800 261 1870 irnperio
273 1803 406 1854 contineri.
442 1807 526 1869 Quam
536 1803 581 1854 ubi
592 1797 770 1868 negligentiam
782 1815 816 1852 ex
826 1815 853 1852 re
868 1801 908 1865 (ut

152 1880 194 1948 fit)
212 1879 276 1934 bene
296 1883 362 1948 gesia
380 1883 441 1934 oriri
461 1883 569 1933 senserat
588 1880 740 1942 Hasdrubal,
758 1881 908 1934 cohortante

147 1960 254 2026 militet,
270 1973 300 2013 ut
311 1963 404 2030 palator
415 1963 464 2014 stne
476 1961 550 2028 siguin
558 1959 638 2012 lroslet
649 1959 853 2026 aggrederentur,
862 1957 906 2009 de·

125 2031 128 2038 ’
153 2037 245 2107 gressus
259 2039 329 2108 colse,
347 2043 428 2111 pergit
438 2043 475 2092 ire
486 2041 540 2092 acie
556 2037 813 2090 numerantium.
831 2049 907 2105 quem
1004 2059 1007 2064 ·

152 2129 182 2170 ut
192 2117 270 2170 adesse
286 2123 438 2174 tumultuose
454 2121 606 2172 nuntiavere
622 2117 747 2183 fugientes
757 2131 791 2168 ex
801 2110 907 2186 specuiit
947 2141 949 2144 ·

152 2193 354 2265 stationibusque,
370 2197 401 2250 ad
412 2213 481 2262 arma
491 2197 675 2249 conclamatum
687 2195 730 2246 esi.
756 2196 791 2244 Ut
801 2192 906 2262 quisque

152 2289 223 2325 arma
242 2285 350 2344 ceperat,
366 2276 416 2328 saue
436 2271 550 2345 imperio,
573 2274 623 2325 sine
639 2274 718 2340 siguo,
735 2271 906 2341 incompositi,

121 2409 127 2418 ,
152 2352 288 2404 inordinati
299 2356 326 2406 in
337 2357 452 2424 proelium
463 2347 548 2408 ruunt·
574 2357 631 2421 Jarn
643 2355 717 2422 primi
729 2353 905 2405 conseruerant

153 2445 249 2495 manus,
265 2447 344 2499 quum
362 2435 405 2484 alii
424 2435 572 2484 catervatim
584 2441 720 2496 currerent,
737 2431 780 2484 aiii
791 2431 905 2484 nondum
974 2495 975 2498 Ἴ
1060 2421 1061 2424 “

52 2563 58 2574 ,
152 2510 257 2561 icastris
272 2509 385 2564 exissent.
402 2523 485 2583 tamen
502 2513 585 2580 primo
602 2512 656 2580 ipsa
672 2509 778 2562 audacia
794 2519 906 2563 terruere

152 2587 254 2641 hostem.
272 2590 360 2642 deinde
371 2591 421 2642 rari
434 2593 459 2642 in
478 2589 603 2642 consertos
615 2591 685 2654 illati,
702 2603 780 2655 quurn
792 2589 905 2657 paucitae
937 2597 944 2606 ·

151 2679 240 2734 parum
252 2677 305 2719 tuta
317 2667 385 2740 esset,
402 2667 523 2738 respicere
534 2669 577 2720 alii
588 2669 659 2734 allos,
676 2669 703 2718 dc
718 2667 829 2736 undique
840 2665 905 2736 pulsi

152 2749 221 2798 coire
231 2747 259 2797 in
276 2748 378 2812 orbem;
396 2749 421 2800 ἃ
435 2748 495 2800 durn
516 2749 664 2816 corporibus
680 2747 846 2818 applicantur,
862 2760 903 2796 ar-

150 2837 242 2895 maque
253 2827 327 2878 armit
341 2826 460 2891 jungunt,
478 2826 504 2876 in
516 2824 610 2876 ariirun
621 2822 749 2892 compulsi,
766 2839 843 2892 qtunn
854 2825 904 2876 vix

150 2902 282 2954 movendis
293 2905 368 2954 armis
386 2903 442 2954 satis
455 2900 527 2971 spatii
538 2902 604 2968 effer,
621 2902 716 2956 corona
726 2902 833 2953 hostium
848 2903 903 2953 cin-

150 2975 192 3040 tri,
210 2978 242 3028 ad
252 2980 360 3032 multum
377 2980 428 3030 diei
440 2977 576 3032 raduntur.
611 2979 710 3044 Exigua
726 2991 791 3044 pars,
807 2977 903 3046 erupti-
938 3002 946 3010 ·

150 3069 201 3109 one
215 3055 288 3126 satta,
305 3057 423 3114 silvanae
440 3067 538 3111 montes
555 3057 631 3130 petit:
649 3057 753 3126 parique
769 3053 907 3184 terroraefflde

191 3133 200 3144 .
822 3144 838 3182 c
885 3145 902 3188 ἒ
