2076 3612
191 241 224 292 26
455 239 683 292 'nutvrr

189 329 278 392 majus,
295 327 370 393 quint
380 326 510 390 auxilium,
528 330 644 378 traheret.
669 325 748 389 Adde,
765 328 832 394 quod
846 333 947 382 Roma-

189 407 227 454 nis
239 405 269 454 ad
280 421 383 456 manum
400 404 467 454 dorni
480 405 677 472 supplementum
694 404 764 469 esset:
784 409 938 472 Alexandro,

188 484 266 548 (quod
279 483 361 551 postea
373 485 505 534 Hannibali
516 483 615 549 accidit)
625 485 706 533 alieno
718 486 744 533 in
755 501 816 550 agro
829 488 938 550 bellanti,

188 563 313 610 exercitus
332 560 504 611 consenuisset.
540 566 625 623 Arma,
642 563 745 629 clypeus
762 563 937 630 sariffaequeil

186 639 232 700 lie;
251 643 366 689 Romano
378 639 482 702 scutum,
500 639 580 702 majus
597 641 698 706 corpori
715 651 894 706 tegumentum,
912 643 938 691 Bt

186 715 273 782 pilum,
291 713 356 764 haud
367 715 536 782 paulo„quhm
547 714 620 778 hasta,
632 717 804 766 vehementius
815 717 865 765 itlu
879 717 942 765 mis».

185 793 263 858 suque
279 794 367 842 telum.
403 794 519 842 statarius
539 803 642 858 uterque
661 795 739 858 miles,
765 794 864 844 ordines
886 795 936 845 ser-

185 887 264 920 vans:
283 869 323 920 sed
341 871 381 920 illa
399 871 509 937 phalanx
527 871 670 934 immobilis,
688 873 713 921 dt
730 872 803 920 unius
820 874 935 936 generis:

184 951 300 1000 Romana
319 951 383 1000 acics
403 947 545 1012 distindlior,
562 963 596 998 ex
617 949 728 1016 pluribus
747 951 859 1016 partibus
873 967 935 1000 con·

183 1028 262 1079 stans:
281 1027 359 1078 facilis
377 1028 503 1094 partienti,
521 1043 667 1094 quacunque
687 1041 749 1094 opus
769 1029 835 1091 esset,
853 1029 934 1078 facilis

180 1109 306 1174 jungenti.
332 1111 388 1173 Jam
398 1109 425 1156 in
438 1123 512 1173 opere
524 1108 578 1172 quis
591 1122 635 1173 par
646 1110 762 1156 Romano
773 1108 859 1158 miles?
878 1110 934 1173 quia

179 1187 215 1238 ad
232 1185 385 1236 tolerandum
405 1184 516 1234 laborem
535 1185 640 1235 melior?
675 1189 730 1234 Uno
747 1187 832 1252 proelio
850 1186 933 1236 vidus

181 1261 334 1323 Alexander,
352 1261 417 1310 bello
429 1258 508 1308 villus
520 1257 588 1309 esset.
612 1263 761 1322 Romanum,
777 1275 850 1325 quem
864 1265 932 1311 Cau·

181 1341 260 1402 dium,
278 1355 352 1404 quem
365 1341 455 1388 Cannae
464 1353 515 1387 non
524 1337 657 1402 fregerunt,
670 1354 724 1404 quae
735 1337 841 1403 fregisset
851 1341 933 1393 acies?

181 1423 229 1470 Na
241 1419 280 1468 ille
292 1417 363 1488 sape,
381 1415 472 1466 etiamsi
485 1416 564 1482 prima
585 1415 700 1484 prospere
711 1415 855 1482 evenissent,
872 1421 932 1468 Per-

181 1497 219 1550 sae
235 1495 348 1546 &Indos
366 1495 391 1545 ἃ
409 1495 532 1544 imbellem
545 1495 627 1546 Asiam
647 1495 772 1561 quaesrsset,
789 1497 881 1546 &cum
894 1497 932 1546 fe-

180 1573 307 1625 minissrbi
319 1573 410 1623 bellum
423 1571 492 1621 luisse
503 1571 615 1622 dixisset:
633 1573 700 1636 quod
716 1559 784 1640 Epiri
799 1589 881 1637 regern
898 1579 935 1624 A·

179 1651 336 1715 lexandrum,
360 1649 490 1700 mortifero
510 1651 612 1700 vulnere
632 1649 717 1712 illum,
734 1649 821 1700 dixisse
839 1653 933 1716 serunt,

178 1727 272 1780 sortem
285 1728 406 1778 bellorum
418 1729 441 1778 in
456 1727 511 1782 Afra
523 1725 646 1790 gestorum
664 1725 756 1774 abhoc
771 1725 826 1792 ipso
835 1728 934 1790 juvene
1025 1731 1026 1734 ’

177 1824 238 1860 cum
258 1809 303 1862 suo
323 1808 501 1860 conterentem.
536 1803 666 1872 Equidem,
692 1819 768 1870 quum
787 1820 831 1871 per
851 1822 932 1858 annos

177 1897 288 1954 quamor
301 1889 325 1938 ἃ
341 1889 431 1954 viginti
446 1889 529 1955 primo
538 1886 633 1936 Punico
649 1883 715 1934 bello
730 1884 838 1934 classibus
854 1895 933 1934 certa·
1024 1943 1025 1948 ¹

178 1974 235 2016 tum
247 1983 304 2018 curn
321 1970 399 2018 Poenis
411 1965 536 2028 recordor,
554 1965 601 2014 vix
619 1975 715 2014 aetatem
729 1964 863 2014 Alexandri
880 1965 932 2014 sus-

178 2044 299 2095 sedluram
321 2046 390 2094 suilse
415 2059 471 2092 reor
491 2041 522 2089 ad
542 2055 619 2090 unum
644 2041 745 2088 bellum.
773 2041 799 2086 ἃ
819 2039 931 2106 forfitan,

111 2161 117 2172 .
177 2139 259 2190 quum
274 2123 299 2169 dt
313 2121 447 2169 soederibus
464 2117 565 2166 vetustis
575 2115 661 2176 jundla
678 2115 771 2162 Punica
782 2128 821 2160 res
833 2119 929 2174 Roma.

178 2215 217 2249 nae
236 2197 302 2260 esset,
320 2197 344 2246 δι
364 2196 441 2246 timor
461 2209 505 2260 par
523 2189 641 2241 adversus
658 2204 815 2238 communem
832 2190 929 2244 hostem

177 2277 239 2330 duas
250 2276 424 2342 potentissimas
436 2272 507 2322 armis
519 2268 629 2333 virisque
640 2272 713 2318 urbes
725 2278 839 2332 armaret,
857 2268 930 2322 fimul

177 2357 273 2411 Punico
286 2359 449 2420 Romanoque
459 2351 562 2408 obrutus
573 2348 639 2398 bello
654 2345 720 2395 esset.
755 2351 815 2398 Non
826 2349 929 2414 quidem

176 2432 323 2485 Alexandro
335 2433 405 2492 duce,
423 2445 468 2482 nec
479 2425 588 2489 integris
607 2423 776 2476 Macedonum
788 2426 868 2491 rebus,
886 2429 929 2480 sed

177 2512 277 2578 experti
289 2523 372 2562 tamen
390 2511 445 2560 sunt
465 2505 572 2556 Romani
590 2503 756 2554 Macedonem
776 2505 871 2556 hostem
884 2507 927 2557 ad·
1022 2539 1023 2560 ,

178 2588 264 2640 uersus
287 2590 448 2650 Antiochum,
474 2583 624 2652 Philippum,
650 2583 747 2646 Persen,
773 2601 823 2634 non
850 2585 927 2634 modo

178 2681 237 2716 cum
248 2665 317 2715 clade
329 2666 386 2727 ulla,
398 2663 439 2713 sed
451 2678 484 2716 ne
494 2677 550 2710 cum
567 2661 679 2728 periculo
691 2661 791 2727 quidem
800 2659 853 2710 suo.
872 2657 925 2708 Ab·

179 2741 209 2792 lit
221 2743 317 2792 invidia
328 2744 414 2806 verbo,
426 2742 450 2792 dc
467 2740 553 2790 civilia
570 2738 633 2788 bella
648 2738 739 2803 sileant,
759 2751 883 2802 nunquam
893 2738 925 2788 ab

178 2823 263 2888 equite
276 2823 350 2887 hoste,
368 2837 494 2888 nunquam
505 2825 519 2870 a
532 2818 622 2886 pedite,
635 2833 760 2884 nunquam
771 2815 855 2882 apert&
863 2818 926 2882 acie,

179 2915 309 2965 nunquam
319 2900 505 2965 aequis‚·utique
515 2912 641 2965 nunquam
656 2895 741 2946 nostris
755 2894 815 2944 locis
830 2892 928 2944 labora·
999 2925 1004 2936 ·

179 2979 273 3032 nimus.
293 2980 416 3045 Equitem,
428 2977 537 3044 sagittas,
549 2976 622 3028 saltus
634 2973 772 3042 impeditos,
790 2972 847 3021 avia
857 2988 927 3023 com-

178 3056 303 3112 meatibus
312 3056 369 3109 loca
380 3057 468 3126 ,gravis
484 3056 558 3112 arinis
569 3054 638 3108 miles
652 3053 738 3108 timere
750 3049 838 3120 potesl-
855 3048 927 3134 Mille

858 3139 923 3178 actes
