<?xml version="1.0" encoding="UTF-8"?>
<!DOCTYPE html PUBLIC "-//W3C//DTD XHTML 1.0 Transitional//EN"
    "http://www.w3.org/TR/xhtml1/DTD/xhtml1-transitional.dtd">
<html xmlns="http://www.w3.org/1999/xhtml" xml:lang="en" lang="en">
 <head>
  <title>
</title>
<meta http-equiv="Content-Type" content="text/html;charset=utf-8" />
  <meta name='ocr-system' content='tesseract 3.04.00' />
  <meta name='ocr-capabilities' content='ocr_page ocr_carea ocr_par ocr_line ocrx_word'/>
</head>
<body>
  <div class='ocr_page' id='page_1' title='image "./historiarumabur00livygoog_0371.png"; bbox 0 0 2126 3642; ppageno 0'>
   <div class='ocr_carea' id='block_1_1' title="bbox 192 227 701 292">
    <p class='ocr_par' dir='ltr' id='par_1_1' title="bbox 192 227 701 292">
     <span class='ocr_line' id='line_1_1' title="bbox 192 227 701 292; baseline -0.004 -10"><span class='ocrx_word' id='word_1_1' title='bbox 192 231 241 292; x_wconf 68' lang='lat' dir='ltr'>ras</span> <span class='ocrx_word' id='word_1_2' title='bbox 445 229 483 278; x_wconf 83' lang='grc' dir='ltr'>τ.</span> <span class='ocrx_word' id='word_1_3' title='bbox 517 227 701 280; x_wconf 71' lang='lat' dir='ltr'>urvrr:</span> 
     </span>
    </p>
   </div>
   <div class='ocr_carea' id='block_1_2' title="bbox 121 315 1037 3032">
    <p class='ocr_par' dir='ltr' id='par_1_2' title="bbox 121 315 1037 3032">
     <span class='ocr_line' id='line_1_2' title="bbox 189 315 952 388; baseline 0.005 -20"><span class='ocrx_word' id='word_1_4' title='bbox 189 319 283 385; x_wconf 75' lang='lat' dir='ltr'>petenti</span> <span class='ocrx_word' id='word_1_5' title='bbox 294 316 435 370; x_wconf 71' lang='lat' dir='ltr'>aedilitatem</span> <span class='ocrx_word' id='word_1_6' title='bbox 447 331 525 386; x_wconf 84' lang='lat' dir='ltr'>quum</span> <span class='ocrx_word' id='word_1_7' title='bbox 536 317 678 370; x_wconf 73' lang='lat' dir='ltr'>obsillerent</span> <span class='ocrx_word' id='word_1_8' title='bbox 690 315 783 370; x_wconf 71' lang='lat' dir='ltr'>tribuni</span> <span class='ocrx_word' id='word_1_9' title='bbox 796 319 886 388; x_wconf 83' lang='lat' dir='ltr'>plebis,</span> <span class='ocrx_word' id='word_1_10' title='bbox 896 335 952 372; x_wconf 81' lang='lat' dir='ltr'>ne-</span> 
     </span>
     <span class='ocr_line' id='line_1_3' title="bbox 188 395 978 468; baseline 0.004 -22"><span class='ocrx_word' id='word_1_11' title='bbox 188 405 273 460; x_wconf 79' lang='lat' dir='ltr'>gantes</span> <span class='ocrx_word' id='word_1_12' title='bbox 284 397 407 447; x_wconf 80' lang='lat' dir='ltr'>rationem</span> <span class='ocrx_word' id='word_1_13' title='bbox 416 395 468 459; x_wconf 85' lang='lat' dir='ltr'>ejus</span> <span class='ocrx_word' id='word_1_14' title='bbox 482 395 621 454; x_wconf 77' lang='lat' dir='ltr'>habendam</span> <span class='ocrx_word' id='word_1_15' title='bbox 634 399 690 458; x_wconf 81' lang='lat' dir='ltr'>else,</span> <span class='ocrx_word' id='word_1_16' title='bbox 707 396 775 464; x_wconf 79' lang='lat' dir='ltr'>quod</span> <span class='ocrx_word' id='word_1_17' title='bbox 783 398 898 448; x_wconf 88' lang='lat' dir='ltr'>nondum</span> <span class='ocrx_word' id='word_1_18' title='bbox 912 399 950 450; x_wconf 85' lang='lat' dir='ltr'>ad</span> <span class='ocrx_word' id='word_1_19' title='bbox 974 461 978 468; x_wconf 24' lang='grc' dir='ltr'>ι</span> 
     </span>
     <span class='ocr_line' id='line_1_4' title="bbox 188 471 950 542; baseline 0.007 -20"><span class='ocrx_word' id='word_1_20' title='bbox 188 471 323 540; x_wconf 80' lang='lat' dir='ltr'>petendum</span> <span class='ocrx_word' id='word_1_21' title='bbox 342 475 455 541; x_wconf 83' lang='lat' dir='ltr'>legitima</span> <span class='ocrx_word' id='word_1_22' title='bbox 475 483 534 536; x_wconf 70' lang='lat' dir='ltr'>aetas</span> <span class='ocrx_word' id='word_1_23' title='bbox 552 472 627 535; x_wconf 86' lang='lat' dir='ltr'>esset;</span> <span class='ocrx_word' id='word_1_24' title='bbox 651 475 676 524; x_wconf 87' lang='lat' dir='ltr'>Si</span> <span class='ocrx_word' id='word_1_25' title='bbox 695 492 738 539; x_wconf 83' lang='lat' dir='ltr'>me,</span> <span class='ocrx_word' id='word_1_26' title='bbox 762 476 853 542; x_wconf 83' lang='lat' dir='ltr'>inquit,</span> <span class='ocrx_word' id='word_1_27' title='bbox 870 492 950 527; x_wconf 80' lang='lat' dir='ltr'>omnes</span> 
     </span>
     <span class='ocr_line' id='line_1_5' title="bbox 188 551 948 617; baseline 0.004 -18"><span class='ocrx_word' id='word_1_28' title='bbox 188 551 288 616; x_wconf 65' lang='lat' dir='ltr'>Quirites</span> <span class='ocrx_word' id='word_1_29' title='bbox 296 551 459 617; x_wconf 80' lang='lat' dir='ltr'>edilemfaccre</span> <span class='ocrx_word' id='word_1_30' title='bbox 466 551 549 616; x_wconf 62' lang='lat' dir='ltr'>volun</span> <span class='ocrx_word' id='word_1_31' title='bbox 561 553 618 616; x_wconf 82' lang='lat' dir='ltr'>salis</span> <span class='ocrx_word' id='word_1_32' title='bbox 628 567 732 601; x_wconf 79' lang='lat' dir='ltr'>amram</span> <span class='ocrx_word' id='word_1_33' title='bbox 742 552 816 602; x_wconf 82' lang='lat' dir='ltr'>baleo.</span> <span class='ocrx_word' id='word_1_34' title='bbox 854 558 948 604; x_wconf 88' lang='lat' dir='ltr'>Tanto</span> 
     </span>
     <span class='ocr_line' id='line_1_6' title="bbox 186 627 1037 694; baseline 0.005 -16"><span class='ocrx_word' id='word_1_35' title='bbox 186 628 244 678; x_wconf 88' lang='lat' dir='ltr'>inde</span> <span class='ocrx_word' id='word_1_36' title='bbox 257 629 348 680; x_wconf 79' lang='lat' dir='ltr'>sarone</span> <span class='ocrx_word' id='word_1_37' title='bbox 358 629 389 679; x_wconf 86' lang='lat' dir='ltr'>ad</span> <span class='ocrx_word' id='word_1_38' title='bbox 406 629 549 694; x_wconf 76' lang='lat' dir='ltr'>suffragium</span> <span class='ocrx_word' id='word_1_39' title='bbox 564 628 693 679; x_wconf 82' lang='lat' dir='ltr'>serendum</span> <span class='ocrx_word' id='word_1_40' title='bbox 711 630 737 678; x_wconf 91' lang='lat' dir='ltr'>in</span> <span class='ocrx_word' id='word_1_41' title='bbox 754 631 835 680; x_wconf 82' lang='lat' dir='ltr'>tribus</span> <span class='ocrx_word' id='word_1_42' title='bbox 847 631 949 682; x_wconf 76' lang='lat' dir='ltr'>discut·</span> <span class='ocrx_word' id='word_1_43' title='bbox 1036 627 1037 634; x_wconf 71' lang='grc'>’</span> 
     </span>
     <span class='ocr_line' id='line_1_7' title="bbox 187 705 946 774; baseline 0 -16"><span class='ocrx_word' id='word_1_44' title='bbox 187 706 242 758; x_wconf 83' lang='lat' dir='ltr'>sum</span> <span class='ocrx_word' id='word_1_45' title='bbox 254 707 295 770; x_wconf 88' lang='lat' dir='ltr'>est,</span> <span class='ocrx_word' id='word_1_46' title='bbox 313 719 341 756; x_wconf 87' lang='lat' dir='ltr'>ut</span> <span class='ocrx_word' id='word_1_47' title='bbox 349 709 443 758; x_wconf 86' lang='lat' dir='ltr'>tribuni</span> <span class='ocrx_word' id='word_1_48' title='bbox 452 710 551 774; x_wconf 73' lang='lat' dir='ltr'>repente</span> <span class='ocrx_word' id='word_1_49' title='bbox 560 707 662 774; x_wconf 85' lang='lat' dir='ltr'>incepto</span> <span class='ocrx_word' id='word_1_50' title='bbox 671 705 816 758; x_wconf 82' lang='lat' dir='ltr'>destiterint.</span> <span class='ocrx_word' id='word_1_51' title='bbox 851 708 946 760; x_wconf 83' lang='lat' dir='ltr'>AEdili·</span> 
     </span>
     <span class='ocr_line' id='line_1_8' title="bbox 188 785 945 853; baseline 0.004 -18"><span class='ocrx_word' id='word_1_52' title='bbox 188 785 223 835; x_wconf 85' lang='lat' dir='ltr'>tia</span> <span class='ocrx_word' id='word_1_53' title='bbox 234 786 333 850; x_wconf 81' lang='lat' dir='ltr'>largitio</span> <span class='ocrx_word' id='word_1_54' title='bbox 345 787 397 837; x_wconf 79' lang='lat' dir='ltr'>haec</span> <span class='ocrx_word' id='word_1_55' title='bbox 406 786 463 836; x_wconf 87' lang='lat' dir='ltr'>suit.</span> <span class='ocrx_word' id='word_1_56' title='bbox 499 785 564 836; x_wconf 88' lang='lat' dir='ltr'>Ludi</span> <span class='ocrx_word' id='word_1_57' title='bbox 578 785 686 834; x_wconf 83' lang='lat' dir='ltr'>Romani</span> <span class='ocrx_word' id='word_1_58' title='bbox 697 801 744 851; x_wconf 88' lang='lat' dir='ltr'>pro</span> <span class='ocrx_word' id='word_1_59' title='bbox 759 789 882 853; x_wconf 85' lang='lat' dir='ltr'>temporis</span> <span class='ocrx_word' id='word_1_60' title='bbox 894 787 945 838; x_wconf 89' lang='lat' dir='ltr'>illi-</span> 
     </span>
     <span class='ocr_line' id='line_1_9' title="bbox 188 861 943 930; baseline 0.001 -18"><span class='ocrx_word' id='word_1_61' title='bbox 188 877 216 912; x_wconf 81' lang='lat' dir='ltr'>us</span> <span class='ocrx_word' id='word_1_62' title='bbox 228 864 308 930; x_wconf 89' lang='lat' dir='ltr'>copiis</span> <span class='ocrx_word' id='word_1_63' title='bbox 325 863 456 929; x_wconf 75' lang='lat' dir='ltr'>magnifice</span> <span class='ocrx_word' id='word_1_64' title='bbox 470 861 536 925; x_wconf 74' lang='lat' dir='ltr'>fasti,</span> <span class='ocrx_word' id='word_1_65' title='bbox 554 862 656 913; x_wconf 83' lang='lat' dir='ltr'>&amp;diem</span> <span class='ocrx_word' id='word_1_66' title='bbox 672 879 748 912; x_wconf 85' lang='lat' dir='ltr'>rmum</span> <span class='ocrx_word' id='word_1_67' title='bbox 760 865 897 929; x_wconf 83' lang='lat' dir='ltr'>instaurati,</span> <span class='ocrx_word' id='word_1_68' title='bbox 915 865 943 918; x_wconf 71' lang='lat' dir='ltr'>a:</span> 
     </span>
     <span class='ocr_line' id='line_1_10' title="bbox 188 939 944 1009; baseline -0.003 -17"><span class='ocrx_word' id='word_1_69' title='bbox 188 943 273 1005; x_wconf 81' lang='lat' dir='ltr'>congii</span> <span class='ocrx_word' id='word_1_70' title='bbox 285 943 333 992; x_wconf 85' lang='lat' dir='ltr'>olei</span> <span class='ocrx_word' id='word_1_71' title='bbox 348 943 374 992; x_wconf 88' lang='lat' dir='ltr'>in</span> <span class='ocrx_word' id='word_1_72' title='bbox 390 943 463 1002; x_wconf 79' lang='lat' dir='ltr'>vicos</span> <span class='ocrx_word' id='word_1_73' title='bbox 472 941 580 1006; x_wconf 80' lang='lat' dir='ltr'>singulos</span> <span class='ocrx_word' id='word_1_74' title='bbox 591 939 653 990; x_wconf 86' lang='lat' dir='ltr'>dati.</span> <span class='ocrx_word' id='word_1_75' title='bbox 688 943 720 989; x_wconf 91' lang='lat' dir='ltr'>L.</span> <span class='ocrx_word' id='word_1_76' title='bbox 731 941 820 990; x_wconf 80' lang='lat' dir='ltr'>Villius</span> <span class='ocrx_word' id='word_1_77' title='bbox 833 945 944 1009; x_wconf 83' lang='lat' dir='ltr'>Tappu-</span> 
     </span>
     <span class='ocr_line' id='line_1_11' title="bbox 187 1015 944 1084; baseline -0.001 -16"><span class='ocrx_word' id='word_1_78' title='bbox 187 1017 225 1068; x_wconf 85' lang='lat' dir='ltr'>lus</span> <span class='ocrx_word' id='word_1_79' title='bbox 237 1019 262 1068; x_wconf 67' lang='grc' dir='ltr'>ἃ</span> <span class='ocrx_word' id='word_1_80' title='bbox 274 1023 313 1069; x_wconf 88' lang='grc' dir='ltr'>Μ.</span> <span class='ocrx_word' id='word_1_81' title='bbox 327 1017 466 1068; x_wconf 85' lang='lat' dir='ltr'><strong>Fundanius</strong></span> <span class='ocrx_word' id='word_1_82' title='bbox 478 1016 611 1078; x_wconf 77' lang='lat' dir='ltr'>Fundulus,</span> <span class='ocrx_word' id='word_1_83' title='bbox 629 1015 711 1066; x_wconf 82' lang='lat' dir='ltr'>aediles</span> <span class='ocrx_word' id='word_1_84' title='bbox 724 1017 825 1084; x_wconf 84' lang='lat' dir='ltr'>plebeii,</span> <span class='ocrx_word' id='word_1_85' title='bbox 842 1018 944 1083; x_wconf 83' lang='lat' dir='ltr'>aliquot</span> 
     </span>
     <span class='ocr_line' id='line_1_12' title="bbox 188 1092 942 1162; baseline -0.001 -18"><span class='ocrx_word' id='word_1_86' title='bbox 188 1105 315 1146; x_wconf 83' lang='lat' dir='ltr'>matronas</span> <span class='ocrx_word' id='word_1_87' title='bbox 327 1094 393 1162; x_wconf 83' lang='lat' dir='ltr'>apud</span> <span class='ocrx_word' id='word_1_88' title='bbox 408 1093 530 1161; x_wconf 88' lang='lat' dir='ltr'>populum</span> <span class='ocrx_word' id='word_1_89' title='bbox 545 1092 630 1160; x_wconf 81' lang='lat' dir='ltr'>probri</span> <span class='ocrx_word' id='word_1_90' title='bbox 641 1093 801 1142; x_wconf 72' lang='lat' dir='ltr'>accrndrunt:</span> <span class='ocrx_word' id='word_1_91' title='bbox 820 1093 942 1159; x_wconf 83' lang='lat' dir='ltr'>quasdam</span> 
     </span>
     <span class='ocr_line' id='line_1_13' title="bbox 188 1170 943 1239; baseline -0.003 -17"><span class='ocrx_word' id='word_1_92' title='bbox 188 1187 223 1224; x_wconf 85' lang='lat' dir='ltr'>ex</span> <span class='ocrx_word' id='word_1_93' title='bbox 234 1175 268 1223; x_wconf 86' lang='lat' dir='ltr'>eis</span> <span class='ocrx_word' id='word_1_94' title='bbox 280 1173 407 1222; x_wconf 83' lang='lat' dir='ltr'>damnatas</span> <span class='ocrx_word' id='word_1_95' title='bbox 418 1173 443 1222; x_wconf 89' lang='lat' dir='ltr'>in</span> <span class='ocrx_word' id='word_1_96' title='bbox 453 1170 564 1220; x_wconf 75' lang='lat' dir='ltr'>exsilium</span> <span class='ocrx_word' id='word_1_97' title='bbox 573 1181 686 1235; x_wconf 85' lang='lat' dir='ltr'>egerunt.</span> <span class='ocrx_word' id='word_1_98' title='bbox 713 1171 780 1220; x_wconf 88' lang='lat' dir='ltr'>Ludi</span> <span class='ocrx_word' id='word_1_99' title='bbox 792 1172 943 1239; x_wconf 81' lang='lat' dir='ltr'>plebeii-per</span> 
     </span>
     <span class='ocr_line' id='line_1_14' title="bbox 189 1241 942 1316; baseline 0.001 -16"><span class='ocrx_word' id='word_1_100' title='bbox 189 1250 292 1302; x_wconf 83' lang='lat' dir='ltr'>biduum</span> <span class='ocrx_word' id='word_1_101' title='bbox 301 1251 440 1311; x_wconf 84' lang='lat' dir='ltr'>instaurati;</span> <span class='ocrx_word' id='word_1_102' title='bbox 450 1250 555 1314; x_wconf 82' lang='lat' dir='ltr'>&amp;Jovis</span> <span class='ocrx_word' id='word_1_103' title='bbox 566 1250 666 1316; x_wconf 83' lang='lat' dir='ltr'>epulum</span> <span class='ocrx_word' id='word_1_104' title='bbox 674 1248 724 1298; x_wconf 86' lang='lat' dir='ltr'>fuit</span> <span class='ocrx_word' id='word_1_105' title='bbox 732 1241 848 1300; x_wconf 82' lang='lat' dir='ltr'>ludorum</span> <span class='ocrx_word' id='word_1_106' title='bbox 857 1251 942 1300; x_wconf 77' lang='lat' dir='ltr'>causd.</span> 
     </span>
     <span class='ocr_line' id='line_1_15' title="bbox 221 1325 942 1395; baseline 0 -19"><span class='ocrx_word' id='word_1_107' title='bbox 221 1329 271 1376; x_wconf 88' lang='lat'>111.</span> <span class='ocrx_word' id='word_1_108' title='bbox 290 1330 324 1390; x_wconf 81' lang='lat' dir='ltr'>Q.</span> <span class='ocrx_word' id='word_1_109' title='bbox 335 1328 439 1376; x_wconf 83' lang='lat' dir='ltr'>Fulvius</span> <span class='ocrx_word' id='word_1_110' title='bbox 448 1325 548 1395; x_wconf 82' lang='lat' dir='ltr'>Flaccus</span> <span class='ocrx_word' id='word_1_111' title='bbox 561 1327 671 1387; x_wconf 76' lang='lat' dir='ltr'>tertium,</span> <span class='ocrx_word' id='word_1_112' title='bbox 689 1327 739 1393; x_wconf 87' lang='lat' dir='ltr'>Ap.</span> <span class='ocrx_word' id='word_1_113' title='bbox 752 1327 870 1376; x_wconf 85' lang='lat' dir='ltr'>Claudius</span> <span class='ocrx_word' id='word_1_114' title='bbox 880 1343 942 1376; x_wconf 91' lang='lat' dir='ltr'>con·</span> 
     </span>
     <span class='ocr_line' id='line_1_16' title="bbox 188 1397 943 1472; baseline 0 -18"><span class='ocrx_word' id='word_1_115' title='bbox 188 1403 295 1454; x_wconf 84' lang='lat' dir='ltr'>sulatum</span> <span class='ocrx_word' id='word_1_116' title='bbox 311 1405 408 1454; x_wconf 87' lang='lat' dir='ltr'>ineunt.</span> <span class='ocrx_word' id='word_1_117' title='bbox 442 1405 475 1452; x_wconf 86' lang='lat' dir='ltr'>Et</span> <span class='ocrx_word' id='word_1_118' title='bbox 485 1414 601 1470; x_wconf 78' lang='lat' dir='ltr'>praetores</span> <span class='ocrx_word' id='word_1_119' title='bbox 615 1406 759 1472; x_wconf 82' lang='lat' dir='ltr'>provincias</span> <span class='ocrx_word' id='word_1_120' title='bbox 771 1405 852 1455; x_wconf 79' lang='lat' dir='ltr'>sortiti</span> <span class='ocrx_word' id='word_1_121' title='bbox 867 1397 943 1467; x_wconf 58' lang='lat' dir='ltr'>sunt}</span> 
     </span>
     <span class='ocr_line' id='line_1_17' title="bbox 189 1480 945 1549; baseline -0.001 -16"><span class='ocrx_word' id='word_1_122' title='bbox 189 1483 216 1533; x_wconf 81' lang='grc' dir='ltr'>Ρ.</span> <span class='ocrx_word' id='word_1_123' title='bbox 230 1481 358 1530; x_wconf 86' lang='lat' dir='ltr'>Cornelius</span> <span class='ocrx_word' id='word_1_124' title='bbox 373 1480 438 1530; x_wconf 86' lang='lat' dir='ltr'>Sulla</span> <span class='ocrx_word' id='word_1_125' title='bbox 448 1481 568 1532; x_wconf 87' lang='lat' dir='ltr'>urbanam</span> <span class='ocrx_word' id='word_1_126' title='bbox 586 1481 612 1532; x_wconf 69' lang='lat' dir='ltr'>a</span> <span class='ocrx_word' id='word_1_127' title='bbox 630 1483 792 1548; x_wconf 82' lang='lat' dir='ltr'>peregrinam,</span> <span class='ocrx_word' id='word_1_128' title='bbox 810 1499 865 1549; x_wconf 86' lang='lat' dir='ltr'>quae</span> <span class='ocrx_word' id='word_1_129' title='bbox 876 1482 945 1532; x_wconf 69' lang='lat' dir='ltr'>duo·⁸</span> 
     </span>
     <span class='ocr_line' id='line_1_18' title="bbox 187 1559 958 1629; baseline 0.001 -18"><span class='ocrx_word' id='word_1_130' title='bbox 187 1576 244 1611; x_wconf 86' lang='lat' dir='ltr'>rum</span> <span class='ocrx_word' id='word_1_131' title='bbox 259 1565 315 1609; x_wconf 85' lang='lat' dir='ltr'>ante</span> <span class='ocrx_word' id='word_1_132' title='bbox 332 1559 383 1610; x_wconf 84' lang='lat' dir='ltr'>sors</span> <span class='ocrx_word' id='word_1_133' title='bbox 400 1559 498 1620; x_wconf 57' lang='lat' dir='ltr'>sueram</span> <span class='ocrx_word' id='word_1_134' title='bbox 518 1565 564 1609; x_wconf 87' lang='lat' dir='ltr'>Cn.</span> <span class='ocrx_word' id='word_1_135' title='bbox 578 1561 681 1612; x_wconf 77' lang='lat' dir='ltr'>Fulvius</span> <span class='ocrx_word' id='word_1_136' title='bbox 693 1562 794 1612; x_wconf 84' lang='lat' dir='ltr'>Flaccus</span> <span class='ocrx_word' id='word_1_137' title='bbox 813 1563 941 1629; x_wconf 83' lang='lat' dir='ltr'>Apuliam,</span> <span class='ocrx_word' id='word_1_138' title='bbox 955 1595 958 1602; x_wconf 40' lang='grc' dir='ltr'><strong><em>ι</em></strong></span> 
     </span>
     <span class='ocr_line' id='line_1_19' title="bbox 190 1637 1037 1704; baseline -0.001 -14"><span class='ocrx_word' id='word_1_139' title='bbox 190 1642 219 1690; x_wconf 88' lang='lat' dir='ltr'>C.</span> <span class='ocrx_word' id='word_1_140' title='bbox 235 1638 352 1690; x_wconf 83' lang='lat' dir='ltr'>Claudius</span> <span class='ocrx_word' id='word_1_141' title='bbox 365 1641 433 1688; x_wconf 87' lang='lat' dir='ltr'>Nero</span> <span class='ocrx_word' id='word_1_142' title='bbox 446 1637 586 1700; x_wconf 81' lang='lat' dir='ltr'>Suessulam,</span> <span class='ocrx_word' id='word_1_143' title='bbox 604 1643 643 1689; x_wconf 91' lang='lat' dir='ltr'>M.</span> <span class='ocrx_word' id='word_1_144' title='bbox 663 1639 752 1704; x_wconf 83' lang='lat' dir='ltr'>Junius</span> <span class='ocrx_word' id='word_1_145' title='bbox 770 1641 864 1690; x_wconf 88' lang='lat' dir='ltr'>Silanus</span> <span class='ocrx_word' id='word_1_146' title='bbox 882 1643 942 1690; x_wconf 88' lang='lat' dir='ltr'>Tu·</span> <span class='ocrx_word' id='word_1_147' title='bbox 1036 1639 1037 1654; x_wconf 67' lang='lat'>³</span> 
     </span>
     <span class='ocr_line' id='line_1_20' title="bbox 187 1715 940 1778; baseline -0.003 -8"><span class='ocrx_word' id='word_1_148' title='bbox 187 1715 250 1770; x_wconf 82' lang='lat' dir='ltr'>scos.</span> <span class='ocrx_word' id='word_1_149' title='bbox 287 1717 434 1769; x_wconf 83' lang='lat' dir='ltr'>Consulibus</span> <span class='ocrx_word' id='word_1_150' title='bbox 449 1717 542 1768; x_wconf 86' lang='lat' dir='ltr'>bellum</span> <span class='ocrx_word' id='word_1_151' title='bbox 555 1733 614 1766; x_wconf 89' lang='lat' dir='ltr'>curn</span> <span class='ocrx_word' id='word_1_152' title='bbox 630 1718 772 1778; x_wconf 79' lang='lat' dir='ltr'>Hamribale</span> <span class='ocrx_word' id='word_1_153' title='bbox 784 1717 809 1768; x_wconf 75' lang='lat' dir='ltr'>dt</span> <span class='ocrx_word' id='word_1_154' title='bbox 822 1719 887 1768; x_wconf 80' lang='lat' dir='ltr'>binae</span> <span class='ocrx_word' id='word_1_155' title='bbox 902 1719 940 1768; x_wconf 83' lang='lat' dir='ltr'>le·</span> 
     </span>
     <span class='ocr_line' id='line_1_21' title="bbox 188 1795 1037 1868; baseline 0 -22"><span class='ocrx_word' id='word_1_156' title='bbox 188 1797 276 1862; x_wconf 74' lang='lat' dir='ltr'>gioner</span> <span class='ocrx_word' id='word_1_157' title='bbox 285 1796 402 1848; x_wconf 82' lang='lat' dir='ltr'>decretae:</span> <span class='ocrx_word' id='word_1_158' title='bbox 419 1797 505 1848; x_wconf 78' lang='lat' dir='ltr'>altera</span> <span class='ocrx_word' id='word_1_159' title='bbox 522 1800 555 1862; x_wconf 81' lang='lat' dir='ltr'>Q.</span> <span class='ocrx_word' id='word_1_160' title='bbox 572 1795 651 1846; x_wconf 84' lang='lat' dir='ltr'>Fabio</span> <span class='ocrx_word' id='word_1_161' title='bbox 664 1795 800 1863; x_wconf 82' lang='lat' dir='ltr'>superioris</span> <span class='ocrx_word' id='word_1_162' title='bbox 808 1798 866 1848; x_wconf 83' lang='lat' dir='ltr'>anni</span> <span class='ocrx_word' id='word_1_163' title='bbox 876 1812 939 1847; x_wconf 90' lang='lat' dir='ltr'>con·</span> <span class='ocrx_word' id='word_1_164' title='bbox 1036 1849 1037 1868; x_wconf 16' lang='grc' dir='ltr'><strong>χ</strong></span> 
     </span>
     <span class='ocr_line' id='line_1_22' title="bbox 188 1873 938 1942; baseline 0 -15"><span class='ocrx_word' id='word_1_165' title='bbox 188 1876 247 1939; x_wconf 86' lang='lat' dir='ltr'>sule,</span> <span class='ocrx_word' id='word_1_166' title='bbox 264 1873 327 1926; x_wconf 75' lang='lat' dir='ltr'>alter</span> <span class='ocrx_word' id='word_1_167' title='bbox 336 1882 351 1926; x_wconf 77' lang='lat' dir='ltr'>a</span> <span class='ocrx_word' id='word_1_168' title='bbox 360 1878 450 1928; x_wconf 83' lang='lat' dir='ltr'>Fulvio</span> <span class='ocrx_word' id='word_1_169' title='bbox 463 1875 612 1924; x_wconf 86' lang='lat' dir='ltr'>Centumalo</span> <span class='ocrx_word' id='word_1_170' title='bbox 623 1875 755 1942; x_wconf 85' lang='lat' dir='ltr'>acciperet.</span> <span class='ocrx_word' id='word_1_171' title='bbox 791 1879 938 1941; x_wconf 79' lang='lat' dir='ltr'>Praerorum,</span> 
     </span>
     <span class='ocr_line' id='line_1_23' title="bbox 189 1953 939 2023; baseline -0.001 -18"><span class='ocrx_word' id='word_1_172' title='bbox 189 1955 273 2005; x_wconf 87' lang='lat' dir='ltr'>Fulvii</span> <span class='ocrx_word' id='word_1_173' title='bbox 286 1956 376 2022; x_wconf 84' lang='lat' dir='ltr'>Flacci,</span> <span class='ocrx_word' id='word_1_174' title='bbox 389 1972 443 2022; x_wconf 81' lang='lat' dir='ltr'>quae</span> <span class='ocrx_word' id='word_1_175' title='bbox 454 1956 566 2006; x_wconf 76' lang='lat' dir='ltr'>Luceria</span> <span class='ocrx_word' id='word_1_176' title='bbox 577 1953 622 2004; x_wconf 89' lang='lat' dir='ltr'>sub</span> <span class='ocrx_word' id='word_1_177' title='bbox 634 1956 737 2005; x_wconf 82' lang='lat' dir='ltr'>AEmilio</span> <span class='ocrx_word' id='word_1_178' title='bbox 746 1957 867 2023; x_wconf 63' lang='lat' dir='ltr'>pratum</span> <span class='ocrx_word' id='word_1_179' title='bbox 885 1959 939 2006; x_wconf 87' lang='lat' dir='ltr'>Ne-</span> 
     </span>
     <span class='ocr_line' id='line_1_24' title="bbox 188 2025 943 2104; baseline -0.007 -18"><span class='ocrx_word' id='word_1_180' title='bbox 188 2037 256 2086; x_wconf 81' lang='lat' dir='ltr'>ronis</span> <span class='ocrx_word' id='word_1_181' title='bbox 269 2036 374 2100; x_wconf 87' lang='lat' dir='ltr'>Claudii,</span> <span class='ocrx_word' id='word_1_182' title='bbox 382 2051 436 2104; x_wconf 81' lang='lat' dir='ltr'>quae</span> <span class='ocrx_word' id='word_1_183' title='bbox 448 2039 473 2088; x_wconf 91' lang='lat' dir='ltr'>in</span> <span class='ocrx_word' id='word_1_184' title='bbox 485 2038 576 2086; x_wconf 89' lang='lat' dir='ltr'>Piceno</span> <span class='ocrx_word' id='word_1_185' title='bbox 588 2035 632 2084; x_wconf 87' lang='lat' dir='ltr'>sub</span> <span class='ocrx_word' id='word_1_186' title='bbox 646 2037 676 2083; x_wconf 88' lang='lat' dir='ltr'>C.</span> <span class='ocrx_word' id='word_1_187' title='bbox 693 2035 816 2085; x_wconf 78' lang='lat' dir='ltr'>Terentio</span> <span class='ocrx_word' id='word_1_188' title='bbox 830 2025 943 2100; x_wconf 55' lang='lat' dir='ltr'>fuissent,</span> 
     </span>
     <span class='ocr_line' id='line_1_25' title="bbox 188 2109 938 2180; baseline -0.004 -19"><span class='ocrx_word' id='word_1_189' title='bbox 188 2111 298 2176; x_wconf 77' lang='lat' dir='ltr'>legiones</span> <span class='ocrx_word' id='word_1_190' title='bbox 314 2111 398 2163; x_wconf 80' lang='lat' dir='ltr'>allent.</span> <span class='ocrx_word' id='word_1_191' title='bbox 417 2113 615 2180; x_wconf 86' lang='lat' dir='ltr'>supplementum</span> <span class='ocrx_word' id='word_1_192' title='bbox 632 2113 659 2159; x_wconf 90' lang='lat' dir='ltr'>in</span> <span class='ocrx_word' id='word_1_193' title='bbox 673 2125 714 2160; x_wconf 80' lang='lat' dir='ltr'>eas</span> <span class='ocrx_word' id='word_1_194' title='bbox 730 2111 833 2177; x_wconf 83' lang='lat' dir='ltr'>quisque</span> <span class='ocrx_word' id='word_1_195' title='bbox 844 2109 938 2160; x_wconf 82' lang='lat' dir='ltr'>scribe·</span> 
     </span>
     <span class='ocr_line' id='line_1_26' title="bbox 188 2187 937 2256; baseline -0.004 -16"><span class='ocrx_word' id='word_1_196' title='bbox 188 2200 226 2240; x_wconf 91' lang='lat' dir='ltr'>ret</span> <span class='ocrx_word' id='word_1_197' title='bbox 236 2189 290 2238; x_wconf 83' lang='lat' dir='ltr'>fibi.</span> <span class='ocrx_word' id='word_1_198' title='bbox 308 2193 346 2240; x_wconf 93' lang='lat' dir='ltr'>M.</span> <span class='ocrx_word' id='word_1_199' title='bbox 365 2193 441 2256; x_wconf 90' lang='lat' dir='ltr'>Junio</span> <span class='ocrx_word' id='word_1_200' title='bbox 459 2194 484 2242; x_wconf 91' lang='lat' dir='ltr'>in</span> <span class='ocrx_word' id='word_1_201' title='bbox 497 2191 594 2242; x_wconf 85' lang='lat' dir='ltr'>Tuscos</span> <span class='ocrx_word' id='word_1_202' title='bbox 611 2189 720 2254; x_wconf 84' lang='lat' dir='ltr'>legiones</span> <span class='ocrx_word' id='word_1_203' title='bbox 735 2189 835 2240; x_wconf 82' lang='lat' dir='ltr'>urbanae</span> <span class='ocrx_word' id='word_1_204' title='bbox 846 2187 937 2254; x_wconf 84' lang='lat' dir='ltr'>prioris</span> 
     </span>
     <span class='ocr_line' id='line_1_27' title="bbox 186 2265 937 2335; baseline 0.003 -21"><span class='ocrx_word' id='word_1_205' title='bbox 186 2265 246 2314; x_wconf 83' lang='lat' dir='ltr'>anni</span> <span class='ocrx_word' id='word_1_206' title='bbox 258 2265 327 2316; x_wconf 80' lang='lat' dir='ltr'>datae.</span> <span class='ocrx_word' id='word_1_207' title='bbox 365 2268 410 2316; x_wconf 92' lang='lat' dir='ltr'>Ti.</span> <span class='ocrx_word' id='word_1_208' title='bbox 423 2267 699 2335; x_wconf 71' lang='lat' dir='ltr'>Sempronio&#39;Graccho</span> <span class='ocrx_word' id='word_1_209' title='bbox 711 2265 735 2314; x_wconf 75' lang='lat' dir='ltr'>dt</span> <span class='ocrx_word' id='word_1_210' title='bbox 747 2267 776 2314; x_wconf 67' lang='grc' dir='ltr'>Ρ,</span> <span class='ocrx_word' id='word_1_211' title='bbox 787 2266 937 2330; x_wconf 84' lang='lat' dir='ltr'>Sempronio</span> 
     </span>
     <span class='ocr_line' id='line_1_28' title="bbox 187 2337 993 2411; baseline 0 -23"><span class='ocrx_word' id='word_1_212' title='bbox 187 2339 318 2389; x_wconf 85' lang='lat' dir='ltr'>Tuditano</span> <span class='ocrx_word' id='word_1_213' title='bbox 336 2342 468 2408; x_wconf 84' lang='lat' dir='ltr'>imperium</span> <span class='ocrx_word' id='word_1_214' title='bbox 486 2342 673 2408; x_wconf 63' lang='lat' dir='ltr'>provinciaque</span> <span class='ocrx_word' id='word_1_215' title='bbox 690 2339 784 2389; x_wconf 86' lang='lat' dir='ltr'>Lucani</span> <span class='ocrx_word' id='word_1_216' title='bbox 801 2337 826 2386; x_wconf 73' lang='lat'>8&lt;</span> <span class='ocrx_word' id='word_1_217' title='bbox 845 2339 938 2392; x_wconf 73' lang='lat' dir='ltr'>Galliae</span> <span class='ocrx_word' id='word_1_218' title='bbox 985 2406 993 2411; x_wconf 82' lang='lat'><em>.</em></span> 
     </span>
     <span class='ocr_line' id='line_1_29' title="bbox 186 2415 937 2488; baseline -0.003 -18"><span class='ocrx_word' id='word_1_219' title='bbox 186 2435 244 2470; x_wconf 88' lang='lat' dir='ltr'>curn</span> <span class='ocrx_word' id='word_1_220' title='bbox 256 2419 304 2469; x_wconf 82' lang='lat' dir='ltr'>suis</span> <span class='ocrx_word' id='word_1_221' title='bbox 315 2421 462 2472; x_wconf 75' lang='lat' dir='ltr'>exercitibus</span> <span class='ocrx_word' id='word_1_222' title='bbox 475 2432 629 2488; x_wconf 81' lang='lat' dir='ltr'>prorogatae:</span> <span class='ocrx_word' id='word_1_223' title='bbox 643 2421 703 2470; x_wconf 86' lang='lat' dir='ltr'>item</span> <span class='ocrx_word' id='word_1_224' title='bbox 715 2421 742 2467; x_wconf 87' lang='lat' dir='ltr'>P.</span> <span class='ocrx_word' id='word_1_225' title='bbox 754 2415 872 2479; x_wconf 85' lang='lat' dir='ltr'>Lentulo,</span> <span class='ocrx_word' id='word_1_226' title='bbox 885 2417 937 2482; x_wconf 65' lang='lat' dir='ltr'>qud</span> 
     </span>
     <span class='ocr_line' id='line_1_30' title="bbox 187 2495 935 2562; baseline 0 -16"><span class='ocrx_word' id='word_1_227' title='bbox 187 2507 259 2546; x_wconf 84' lang='lat' dir='ltr'>vetus</span> <span class='ocrx_word' id='word_1_228' title='bbox 271 2497 438 2562; x_wconf 80' lang='lat' dir='ltr'>provincia-ln</span> <span class='ocrx_word' id='word_1_229' title='bbox 456 2495 537 2549; x_wconf 80' lang='lat' dir='ltr'>Sicilia</span> <span class='ocrx_word' id='word_1_230' title='bbox 554 2498 626 2558; x_wconf 77' lang='lat' dir='ltr'>esset5</span> <span class='ocrx_word' id='word_1_231' title='bbox 644 2501 682 2548; x_wconf 89' lang='lat' dir='ltr'>M.</span> <span class='ocrx_word' id='word_1_232' title='bbox 696 2495 816 2548; x_wconf 86' lang='lat' dir='ltr'>Marcello</span> <span class='ocrx_word' id='word_1_233' title='bbox 829 2499 935 2562; x_wconf 86' lang='lat' dir='ltr'>Syracu·</span> 
     </span>
     <span class='ocr_line' id='line_1_31' title="bbox 125 2569 934 2642; baseline -0.004 -17"><span class='ocrx_word' id='word_1_234' title='bbox 125 2635 140 2642; x_wconf 75' lang='lat'>..</span> <span class='ocrx_word' id='word_1_235' title='bbox 187 2573 226 2638; x_wconf 85' lang='lat' dir='ltr'>l&#39;ae,</span> <span class='ocrx_word' id='word_1_236' title='bbox 244 2575 269 2622; x_wconf 71' lang='lat' dir='ltr'>a</span> <span class='ocrx_word' id='word_1_237' title='bbox 281 2577 328 2639; x_wconf 75' lang='lat' dir='ltr'>qusr</span> <span class='ocrx_word' id='word_1_238' title='bbox 346 2577 462 2628; x_wconf 77' lang='lat' dir='ltr'>Hieronis</span> <span class='ocrx_word' id='word_1_239' title='bbox 474 2591 577 2640; x_wconf 88' lang='lat' dir='ltr'>regnum</span> <span class='ocrx_word' id='word_1_240' title='bbox 588 2575 684 2639; x_wconf 80' lang='lat' dir='ltr'>suisset:</span> <span class='ocrx_word' id='word_1_241' title='bbox 703 2581 738 2626; x_wconf 92' lang='lat' dir='ltr'>T.</span> <span class='ocrx_word' id='word_1_242' title='bbox 753 2575 861 2626; x_wconf 87' lang='lat' dir='ltr'>Otacilio</span> <span class='ocrx_word' id='word_1_243' title='bbox 876 2569 934 2623; x_wconf 88' lang='lat' dir='ltr'>clas·</span> 
     </span>
     <span class='ocr_line' id='line_1_32' title="bbox 187 2651 931 2718; baseline 0.001 -17"><span class='ocrx_word' id='word_1_244' title='bbox 187 2651 231 2701; x_wconf 82' lang='lat' dir='ltr'>lis:</span> <span class='ocrx_word' id='word_1_245' title='bbox 252 2655 348 2704; x_wconf 75' lang='lat' dir='ltr'>Gracia</span> <span class='ocrx_word' id='word_1_246' title='bbox 366 2657 403 2702; x_wconf 90' lang='lat' dir='ltr'>M.</span> <span class='ocrx_word' id='word_1_247' title='bbox 421 2653 537 2703; x_wconf 87' lang='lat' dir='ltr'>Valerio:</span> <span class='ocrx_word' id='word_1_248' title='bbox 556 2655 665 2704; x_wconf 85' lang='lat' dir='ltr'>Sardinia</span> <span class='ocrx_word' id='word_1_249' title='bbox 686 2657 719 2718; x_wconf 77' lang='lat' dir='ltr'>Q.</span> <span class='ocrx_word' id='word_1_250' title='bbox 733 2655 822 2704; x_wconf 66' lang='lat' dir='ltr'>alneio</span> <span class='ocrx_word' id='word_1_251' title='bbox 838 2658 931 2706; x_wconf 74' lang='lat' dir='ltr'>Scato·</span> 
     </span>
     <span class='ocr_line' id='line_1_33' title="bbox 186 2729 1037 2798; baseline -0.001 -18"><span class='ocrx_word' id='word_1_252' title='bbox 186 2730 229 2780; x_wconf 86' lang='lat' dir='ltr'>lae:</span> <span class='ocrx_word' id='word_1_253' title='bbox 248 2729 372 2795; x_wconf 71' lang='lat' dir='ltr'>Hispaniae</span> <span class='ocrx_word' id='word_1_254' title='bbox 389 2734 414 2780; x_wconf 92' lang='lat' dir='ltr'>P.</span> <span class='ocrx_word' id='word_1_255' title='bbox 428 2731 453 2781; x_wconf 77' lang='lat' dir='ltr'>dt</span> <span class='ocrx_word' id='word_1_256' title='bbox 467 2734 512 2780; x_wconf 89' lang='lat' dir='ltr'>Cn.</span> <span class='ocrx_word' id='word_1_257' title='bbox 530 2733 660 2782; x_wconf 87' lang='lat' dir='ltr'>Corneliis.</span> <span class='ocrx_word' id='word_1_258' title='bbox 697 2731 738 2781; x_wconf 76' lang='lat' dir='ltr'>Ad</span> <span class='ocrx_word' id='word_1_259' title='bbox 755 2741 852 2792; x_wconf 75' lang='lat' dir='ltr'>veteres</span> <span class='ocrx_word' id='word_1_260' title='bbox 864 2743 932 2780; x_wconf 85' lang='lat' dir='ltr'>exer·</span> <span class='ocrx_word' id='word_1_261' title='bbox 956 2756 960 2762; x_wconf 96' lang='lat'>-</span> <span class='ocrx_word' id='word_1_262' title='bbox 1036 2795 1037 2798; x_wconf 8' lang='grc' dir='ltr'><strong>Ἴ</strong></span> 
     </span>
     <span class='ocr_line' id='line_1_34' title="bbox 185 2806 933 2878; baseline -0.003 -16"><span class='ocrx_word' id='word_1_263' title='bbox 185 2811 249 2862; x_wconf 82' lang='lat' dir='ltr'>citus</span> <span class='ocrx_word' id='word_1_264' title='bbox 260 2811 313 2858; x_wconf 79' lang='lat' dir='ltr'>dua</span> <span class='ocrx_word' id='word_1_265' title='bbox 325 2811 423 2860; x_wconf 79' lang='lat' dir='ltr'>urbana</span> <span class='ocrx_word' id='word_1_266' title='bbox 435 2806 544 2875; x_wconf 79' lang='lat' dir='ltr'>legiones</span> <span class='ocrx_word' id='word_1_267' title='bbox 561 2817 576 2860; x_wconf 81' lang='lat' dir='ltr'>a</span> <span class='ocrx_word' id='word_1_268' title='bbox 589 2811 730 2862; x_wconf 87' lang='lat' dir='ltr'>consulibus</span> <span class='ocrx_word' id='word_1_269' title='bbox 749 2811 853 2878; x_wconf 74' lang='lat' dir='ltr'>scripta,</span> <span class='ocrx_word' id='word_1_270' title='bbox 870 2809 933 2860; x_wconf 87' lang='lat' dir='ltr'>sum-</span> 
     </span>
     <span class='ocr_line' id='line_1_35' title="bbox 121 2885 1037 2954; baseline 0.001 -20"><span class='ocrx_word' id='word_1_271' title='bbox 121 2930 123 2934; x_wconf 15' lang='lat'>,</span> <span class='ocrx_word' id='word_1_272' title='bbox 186 2904 274 2953; x_wconf 84' lang='lat' dir='ltr'>maque</span> <span class='ocrx_word' id='word_1_273' title='bbox 287 2888 396 2939; x_wconf 85' lang='lat' dir='ltr'>trium&amp;</span> <span class='ocrx_word' id='word_1_274' title='bbox 414 2891 505 2954; x_wconf 85' lang='lat' dir='ltr'>viginti</span> <span class='ocrx_word' id='word_1_275' title='bbox 521 2891 648 2954; x_wconf 86' lang='lat' dir='ltr'>legionum</span> <span class='ocrx_word' id='word_1_276' title='bbox 661 2905 692 2940; x_wconf 89' lang='lat' dir='ltr'>eo</span> <span class='ocrx_word' id='word_1_277' title='bbox 707 2907 775 2940; x_wconf 85' lang='lat' dir='ltr'>anno</span> <span class='ocrx_word' id='word_1_278' title='bbox 792 2887 877 2940; x_wconf 65' lang='lat' dir='ltr'>effecta</span> <span class='ocrx_word' id='word_1_279' title='bbox 892 2885 931 2935; x_wconf 83' lang='lat' dir='ltr'>est.</span> <span class='ocrx_word' id='word_1_280' title='bbox 1036 2917 1037 2926; x_wconf 49' lang='lat' dir='ltr'>r</span> 
     </span>
     <span class='ocr_line' id='line_1_36' title="bbox 185 2965 933 3032; baseline -0.007 -14"><span class='ocrx_word' id='word_1_281' title='bbox 185 2967 315 3018; x_wconf 69' lang='lat' dir='ltr'>Delestum</span> <span class='ocrx_word' id='word_1_282' title='bbox 332 2965 461 3018; x_wconf 84' lang='lat' dir='ltr'>consulum</span> <span class='ocrx_word' id='word_1_283' title='bbox 476 2971 514 3018; x_wconf 91' lang='lat' dir='ltr'>M.</span> <span class='ocrx_word' id='word_1_284' title='bbox 534 2968 651 3018; x_wconf 84' lang='lat' dir='ltr'>Postumii</span> <span class='ocrx_word' id='word_1_285' title='bbox 667 2967 797 3032; x_wconf 79' lang='lat' dir='ltr'>Pyrgenfis</span> <span class='ocrx_word' id='word_1_286' title='bbox 809 2979 866 3016; x_wconf 89' lang='lat' dir='ltr'>cum</span> <span class='ocrx_word' id='word_1_287' title='bbox 883 2979 933 3014; x_wconf 82' lang='lat' dir='ltr'>ma·</span> 
     </span>
    </p>
   </div>
   <div class='ocr_carea' id='block_1_3' title="bbox 186 3043 1037 3160">
    <p class='ocr_par' dir='ltr' id='par_1_3' title="bbox 186 3043 1037 3160">
     <span class='ocr_line' id='line_1_37' title="bbox 186 3043 1037 3160; baseline 0 -64"><span class='ocrx_word' id='word_1_288' title='bbox 186 3059 238 3111; x_wconf 80' lang='lat' dir='ltr'>gno</span> <span class='ocrx_word' id='word_1_289' title='bbox 248 3057 326 3114; x_wconf 80' lang='lat' dir='ltr'>prope</span> <span class='ocrx_word' id='word_1_290' title='bbox 340 3055 412 3098; x_wconf 85' lang='lat' dir='ltr'>motu</span> <span class='ocrx_word' id='word_1_291' title='bbox 427 3059 509 3098; x_wconf 83' lang='lat' dir='ltr'>rerum</span> <span class='ocrx_word' id='word_1_292' title='bbox 520 3043 611 3098; x_wconf 71' lang='lat' dir='ltr'>{aslum</span> <span class='ocrx_word' id='word_1_293' title='bbox 626 3045 753 3112; x_wconf 79' lang='lat' dir='ltr'>impediit.</span> <span class='ocrx_word' id='word_1_294' title='bbox 787 3043 934 3160; x_wconf 53' lang='lat' dir='ltr'>Publicaegau}</span> <span class='ocrx_word' id='word_1_295' title='bbox 1036 3049 1037 3096; x_wconf 78' lang='lat' dir='ltr'>l</span> 
     </span>
    </p>
   </div>
   <div class='ocr_carea' id='block_1_4' title="bbox 0 0 1068 3642">
    <p class='ocr_par' dir='ltr' id='par_1_4' title="bbox 0 0 1068 3642">
     <span class='ocr_line' id='line_1_38' title="bbox 0 0 1068 3642; baseline 0 1"><span class='ocrx_word' id='word_1_296' title='bbox 0 0 1068 3642; x_wconf 95' lang='lat' dir='ltr'> </span> 
     </span>
    </p>
   </div>
  </div>
 </body>
</html>
