2130 3642
191 247 239 304 tiss
452 241 498 313 T..
524 251 679 314 L1v11

223 341 306 391 XLV.
325 340 369 390 His
386 338 601 390 adhortationibus
618 357 695 406 quum
711 339 828 408 utrinque
840 341 870 393 ad
883 349 936 394 cet·

188 428 271 471 tamen
290 417 508 468 accenfi¹militum
527 421 604 468 animi
625 417 708 488 ellent,
731 421 837 468 Romani
858 433 935 487 ponte

188 497 308 547 Ticinum
323 496 439 562 jungunt,
458 495 602 561 tutandique
619 495 703 562 pontis
723 496 795 544 causa
813 497 936 547 castellum

188 573 288 640 insuper
301 573 442 639 imponunt.
475 575 570 634 Poenua,
588 587 665 642 opere
679 571 806 637 occupatis
818 571 935 636 hostibus,

189 647 361 698 Maharbalem
374 661 430 697 cum
442 649 480 696 ala
490 646 804 711 Numidarulmequitibus
816 649 935 712 quingen·

187 721 227 786 tls,
245 725 274 773 ad
287 724 472 790 depopulandos
489 723 614 775 sociorum
632 723 718 790 populi
737 726 846 774 Romani
863 738 935 788 agros

187 801 273 852 mittit.
309 801 387 849 Gallis
398 801 465 866 parci
478 805 550 865 quam
562 799 671 848 maxime
683 798 764 862 jubet,
782 800 934 866 principum-

186 890 234 944 que
246 879 341 928 animos
353 877 477 928 sollicitari
489 877 520 926 ad
532 876 704 928 detectionem.
722 877 800 926 Ponte
815 875 933 942 perfetio,

187 953 311 1004 ttadushts
334 958 461 1005 Romanus
485 955 607 1006 exercitus
629 955 654 1003 in
675 957 762 1019 a'grtim
782 952 933 1017 Insubrium,

185 1033 389 1100 quinquemillia
407 1031 518 1100 passuum
535 1037 550 1081 ai
567 1029 719 1080 vitiumvtts
739 1031 857 1080 consedit.
893 1027 933 1080 lbi

187 1107 312 1161 Hannibal
325 1110 399 1160 castra
411 1110 531 1159 habebat:
543 1117 713 1173 'revocatoque
722 1111 826 1176 propere
834 1108 934 1158 Mahar-
989 1120 996 1126 ·

185 1186 327 1251 ualeatque
344 1183 477 1251 equitibus,
494 1200 570 1250 quum
586 1183 672 1233 instate
682 1193 805 1232 certamen
815 1190 932 1245 cerneret,

185 1263 247 1312 nihil
261 1273 371 1326 unquam
389 1259 446 1309 satia
460 1259 552 1309 <lislam
564 1259 788 1325 pramonittt‘mque
798 1257 829 1307 ad
841 1259 931 1308 cohor·

185 1337 273 1387 candos
284 1337 374 1385 milites
386 1339 460 1398 r‘atua,
478 1335 574 1384 vocatis
592 1335 622 1386 ad
635 1334 780 1384 concionem
793 1343 858 1382 certa
869 1349 931 1400 pra-

184 1415 236 1464 n'ria
245 1414 401 1480 pronunciat,
411 1413 436 1462 ia
446 1427 552 1478 quorum
562 1409 627 1478 spem
638 1421 784 1478 pugnarent.
795 1412 882 1478 Agrum
885 1412 934 1476 sese

184 1492 284 1541 daturam
294 1489 332 1555 effi·
339 1487 361 1540 ia
373 1488 448 1552 Italia,
458 1489 550 1554 Africa,
560 1489 675 1554 Hispania,
684 1488 717 1536 uli
727 1488 808 1554 quisque
816 1488 879 1550 velit,
888 1487 932 1536 im·

184 1585 271 1617 manem
282 1565 329 1634 ipfi,
339 1569 375 1636 qai
386 1565 501 1633 accephset,
513 1564 574 1615 liberi
584 1581 639 1632 qae3
654 1566 690 1632 qui
698 1567 820 1632 pecaniam,
832 1567 897 1631 qadm
906 1581 931 1612 a·

180 1660 256 1716 grum,
264 1633 375 1712 maluisset,
383 1645 402 1692 ei
405 1645 432 1710 se
440 1652 527 1710 argenta
530 1638 755 1709 satisfaliaram:qai
757 1643 864 1708 satiatam
872 1641 933 1690 cives

182 1723 374 1791 Karthaginienses
379 1723 432 1786 fieri
443 1721 531 1784 vellent,
541 1719 668 1786 patestatem
673 1717 803 1784 fananum:
815 1719 851 1786 qui
862 1718 933 1768 damas

183 1803 254 1852 redire
262 1798 491 1866 malleat,dalaramse
498 1795 596 1866 operam,
606 1813 631 1864 ae
639 1797 788 1868 cajatfiaaram
793 1795 932 1864 popularium

97 1901 100 1905 ·
114 1879 120 1888 “
182 1881 364 1947 matutamsecum
370 1879 485 1944 fortunam
498 1875 536 1944 ff
544 1877 634 1926 vellem,
653 1873 733 1926 Servis
743 1887 842 1940 quoque
850 1873 932 1924 dorni-

183 1967 229 2011 n'os
248 1959 383 2027 prosecutis
402 1958 540 2018 libertatern
559 1955 688 2022 proponit,
704 1954 812 2020 binaque
827 1966 872 2021 pro
892 1954 931 2004 his

183 2036 310 2102 mancipia
318 2035 425 2086 dominis
434 2032 459 2084 se
469 2028 632 2082 redditurum.
650 2033 735 2096 anue
743 2040 772 2078 ut
780 2041 833 2079 rata
842 2029 930 2078 scirent

181 2115 246 2178 sore,
253 2127 344 2178 agnum
353 2114 414 2164 laeva
423 2127 507 2176 manu,
514 2111 602 2162 dextra
610 2110 701 2160 filicem
710 2111 823 2172 retineas,
833 2108 849 2156 st
860 2107 929 2157 falle-

183 2203 230 2256 ret,
241 2195 331 2255 Jovem
345 2191 486 2256 ceterosque
498 2191 697 2258 precatus’Deos,
706 2188 741 2236 ita
750 2185 777 2236 se
785 2187 929 2248 madlarent,

180 2249 395 2337 quemadmodum
407 2268 458 2334 ipsc
474 2283 565 2334 agnum
580 2265 708 2328 maddsset,
726 2263 858 2314 secundum
870 2280 928 2330 pte-
977 2299 985 2304 -

179 2347 305 2398 cationem
315 2355 389 2411 caput
397 2346 497 2412 pecudis
509 2343 570 2398 saxo
580 2345 649 2396 eliht.
683 2347 754 2408 Turn
763 2345 825 2392 vero
833 2357 929 2408 omnes,

180 2425 252 2474 vblut
263 2423 317 2474 Diis
328 2420 468 2474 audlonibua
484 2427 511 2474 in
528 2424 598 2492 'spem
611 2421 682 2474 suam
693 2419 794 2488 quisque
811 2421 929 2488 acceptis,

180 2501 207 2553 id
217 2517 302 2562 rnoroe,
317 2500 387 2568 quod
398 2501 510 2552 nondum
529 2501 676 2566 pugnarent,
693 2499 725 2549 ad
740 2497 857 2571 potienda
874 2497 929 2566 spa·

179 2589 233 2630 rata
245 2579 301 2641 rati,
317 2579 433 2644 proelium
444 2594 496 2628 uno
508 2580 592 2630 animo
605 2579 630 2630 dc
642 2589 708 2628 voce
718 2572 895 2643 uia-poscunt.

160 2661 164 2666 “
214 2648 312 2706 XLVI.
331 2654 404 2720 Apud
416 2657 542 2704 Romanos
554 2655 746 2721 haudquaquam
757 2663 827 2704 tanta
841 2652 929 2703 alacri-

179 2743 218 2794 tas
234 2743 295 2795 erat,
312 2731 384 2798 super
395 2741 477 2780 cetera
493 2733 632 2804 recentibus
647 2735 722 2782 etiarn
734 2733 832 2781 territos
844 2729 929 2797 prodi-

179 2811 236 2877 giis.
254 2809 427 2876 mmdclupua
436 2808 573 2860 intraverat
581 2810 666 2872 castra,
681 2809 826 2874 laniatisque
836 2807 930 2872 obviis,
950 2861 957 2866 ,
1015 2817 1018 2820 “

180 2886 233 2956 ipse
244 2885 347 2938 inluihta
356 2885 482 2954 'evaseram
494 2887 519 2936 dc
528 2899 634 2936 examen
645 2899 721 2952 apurn
730 2885 756 2933 in
765 2884 855 2949 arbore
866 2899 930 2950 prae·

86 2983 94 2992 ·
172 2963 250 3030 *tario
261 2955 405 3018 bmnlneate
416 2961 568 3012 consederat.
602 2961 702 3026 Quibus
713 2959 859 3026 procuratis,
876 2960 928 3009 Sci-

179 3039 244 3123 pio,
251 3055 309 3122 etun
317 3039 428 3125 equitatu
436 3037 664 3106 iaculatoribusque
672 3035 795 3106 expeditis
802 3034 928 3170 ptosestqe
