<?xml version="1.0" encoding="UTF-8"?>
<!DOCTYPE html PUBLIC "-//W3C//DTD XHTML 1.0 Transitional//EN"
    "http://www.w3.org/TR/xhtml1/DTD/xhtml1-transitional.dtd">
<html xmlns="http://www.w3.org/1999/xhtml" xml:lang="en" lang="en">
 <head>
  <title>
</title>
<meta http-equiv="Content-Type" content="text/html;charset=utf-8" />
  <meta name='ocr-system' content='tesseract 3.04.00' />
  <meta name='ocr-capabilities' content='ocr_page ocr_carea ocr_par ocr_line ocrx_word'/>
</head>
<body>
  <div class='ocr_page' id='page_1' title='image "./historiarumabur00livygoog_0119.png"; bbox 0 0 2130 3642; ppageno 0'>
   <div class='ocr_carea' id='block_1_1' title="bbox 140 266 672 328">
    <p class='ocr_par' dir='ltr' id='par_1_1' title="bbox 140 266 672 328">
     <span class='ocr_line' id='line_1_1' title="bbox 140 266 672 328; baseline -0.004 0"><span class='ocrx_word' id='word_1_1' title='bbox 140 277 240 328; x_wconf 60' lang='lat' dir='ltr'>vtre</span> <span class='ocrx_word' id='word_1_2' title='bbox 446 266 672 328; x_wconf 74' lang='lat' dir='ltr'>T.L&#39;1v11</span> 
     </span>
    </p>
   </div>
   <div class='ocr_carea' id='block_1_2' title="bbox 125 364 941 972">
    <p class='ocr_par' dir='ltr' id='par_1_2' title="bbox 125 364 941 972">
     <span class='ocr_line' id='line_1_2' title="bbox 188 364 940 433; baseline 0.003 -19"><span class='ocrx_word' id='word_1_3' title='bbox 188 379 273 414; x_wconf 84' lang='lat' dir='ltr'>muros</span> <span class='ocrx_word' id='word_1_4' title='bbox 287 364 321 414; x_wconf 73' lang='lat' dir='ltr'>ab</span> <span class='ocrx_word' id='word_1_5' title='bbox 334 367 402 416; x_wconf 86' lang='lat' dir='ltr'>omni</span> <span class='ocrx_word' id='word_1_6' title='bbox 418 377 487 432; x_wconf 84' lang='lat' dir='ltr'>parte</span> <span class='ocrx_word' id='word_1_7' title='bbox 498 367 565 415; x_wconf 81' lang='lat' dir='ltr'>urbis</span> <span class='ocrx_word' id='word_1_8' title='bbox 575 366 648 432; x_wconf 83' lang='lat' dir='ltr'>juffit,</span> <span class='ocrx_word' id='word_1_9' title='bbox 664 381 693 415; x_wconf 84' lang='lat' dir='ltr'>ac</span> <span class='ocrx_word' id='word_1_10' title='bbox 705 364 823 416; x_wconf 80' lang='lat' dir='ltr'>testudine</span> <span class='ocrx_word' id='word_1_11' title='bbox 832 367 862 416; x_wconf 87' lang='lat' dir='ltr'>ad</span> <span class='ocrx_word' id='word_1_12' title='bbox 875 378 940 433; x_wconf 83' lang='lat' dir='ltr'>por·</span> 
     </span>
     <span class='ocr_line' id='line_1_3' title="bbox 190 433 938 509; baseline 0.009 -22"><span class='ocrx_word' id='word_1_13' title='bbox 190 447 228 489; x_wconf 84' lang='lat' dir='ltr'>tas</span> <span class='ocrx_word' id='word_1_14' title='bbox 239 441 354 492; x_wconf 81' lang='lat' dir='ltr'>suceeffit.</span> <span class='ocrx_word' id='word_1_15' title='bbox 374 444 443 492; x_wconf 88' lang='lat' dir='ltr'>srmui</span> <span class='ocrx_word' id='word_1_16' title='bbox 457 445 482 494; x_wconf 77' lang='lat' dir='ltr'>dt</span> <span class='ocrx_word' id='word_1_17' title='bbox 496 433 692 508; x_wconf 75' lang='lat' dir='ltr'>refringebantur</span> <span class='ocrx_word' id='word_1_18' title='bbox 703 455 789 509; x_wconf 81' lang='lat' dir='ltr'>portae,</span> <span class='ocrx_word' id='word_1_19' title='bbox 806 445 831 494; x_wconf 73' lang='grc' dir='ltr'>ἃ</span> <span class='ocrx_word' id='word_1_20' title='bbox 840 447 878 494; x_wconf 86' lang='lat' dir='ltr'>vis</span> <span class='ocrx_word' id='word_1_21' title='bbox 887 459 938 494; x_wconf 83' lang='lat' dir='ltr'>un—</span> 
     </span>
     <span class='ocr_line' id='line_1_4' title="bbox 189 514 940 585; baseline 0.008 -21"><span class='ocrx_word' id='word_1_22' title='bbox 189 514 264 582; x_wconf 86' lang='lat' dir='ltr'>dique</span> <span class='ocrx_word' id='word_1_23' title='bbox 276 521 301 568; x_wconf 88' lang='lat' dir='ltr'>in</span> <span class='ocrx_word' id='word_1_24' title='bbox 318 535 402 570; x_wconf 86' lang='lat' dir='ltr'>muros</span> <span class='ocrx_word' id='word_1_25' title='bbox 417 521 500 570; x_wconf 77' lang='lat' dir='ltr'>fiebat.</span> <span class='ocrx_word' id='word_1_26' title='bbox 536 521 662 582; x_wconf 79' lang='lat' dir='ltr'>Samnites,</span> <span class='ocrx_word' id='word_1_27' title='bbox 680 519 748 584; x_wconf 84' lang='lat' dir='ltr'>ficut,</span> <span class='ocrx_word' id='word_1_28' title='bbox 765 531 896 585; x_wconf 76' lang='lat' dir='ltr'>antequam</span> <span class='ocrx_word' id='word_1_29' title='bbox 911 522 940 570; x_wconf 80' lang='lat' dir='ltr'>iti</span> 
     </span>
     <span class='ocr_line' id='line_1_5' title="bbox 125 594 940 663; baseline 0.002 -19"><span class='ocrx_word' id='word_1_30' title='bbox 125 594 129 602; x_wconf 86' lang='grc'><strong>’</strong></span> <span class='ocrx_word' id='word_1_31' title='bbox 190 597 268 645; x_wconf 85' lang='lat' dir='ltr'>mutis</span> <span class='ocrx_word' id='word_1_32' title='bbox 277 597 390 646; x_wconf 79' lang='lat' dir='ltr'>viderent</span> <span class='ocrx_word' id='word_1_33' title='bbox 401 608 517 660; x_wconf 79' lang='lat' dir='ltr'>armatos,</span> <span class='ocrx_word' id='word_1_34' title='bbox 534 595 590 656; x_wconf 76' lang='lat' dir='ltr'>satis</span> <span class='ocrx_word' id='word_1_35' title='bbox 601 597 677 646; x_wconf 81' lang='lat' dir='ltr'>animi</span> <span class='ocrx_word' id='word_1_36' title='bbox 687 597 827 646; x_wconf 85' lang='lat' dir='ltr'>habuerunt</span> <span class='ocrx_word' id='word_1_37' title='bbox 837 598 867 646; x_wconf 87' lang='lat' dir='ltr'>ad</span> <span class='ocrx_word' id='word_1_38' title='bbox 878 613 940 663; x_wconf 89' lang='lat' dir='ltr'>pro·</span> 
     </span>
     <span class='ocr_line' id='line_1_6' title="bbox 191 672 941 744; baseline 0.005 -24"><span class='ocrx_word' id='word_1_39' title='bbox 191 672 311 722; x_wconf 79' lang='lat' dir='ltr'>bibendos</span> <span class='ocrx_word' id='word_1_40' title='bbox 320 675 387 723; x_wconf 85' lang='lat' dir='ltr'>urbis</span> <span class='ocrx_word' id='word_1_41' title='bbox 399 674 466 724; x_wconf 90' lang='lat' dir='ltr'>aditu</span> <span class='ocrx_word' id='word_1_42' title='bbox 475 675 570 735; x_wconf 85' lang='lat' dir='ltr'>hoiies;</span> <span class='ocrx_word' id='word_1_43' title='bbox 589 675 631 734; x_wconf 85' lang='lat' dir='ltr'>ita,</span> <span class='ocrx_word' id='word_1_44' title='bbox 643 673 829 744; x_wconf 77' lang='lat' dir='ltr'>postquamjam</span> <span class='ocrx_word' id='word_1_45' title='bbox 841 690 892 724; x_wconf 89' lang='lat' dir='ltr'>non</span> <span class='ocrx_word' id='word_1_46' title='bbox 904 689 941 724; x_wconf 77' lang='lat' dir='ltr'>ex</span> 
     </span>
     <span class='ocr_line' id='line_1_7' title="bbox 191 751 938 816; baseline 0.001 -17"><span class='ocrx_word' id='word_1_47' title='bbox 191 751 321 804; x_wconf 80' lang='lat' dir='ltr'>intervallo</span> <span class='ocrx_word' id='word_1_48' title='bbox 338 767 383 801; x_wconf 88' lang='lat' dir='ltr'>nee</span> <span class='ocrx_word' id='word_1_49' title='bbox 400 751 533 815; x_wconf 83' lang='lat' dir='ltr'>miiiiiibus,</span> <span class='ocrx_word' id='word_1_50' title='bbox 549 751 591 802; x_wconf 85' lang='lat' dir='ltr'>sed</span> <span class='ocrx_word' id='word_1_51' title='bbox 608 753 721 800; x_wconf 89' lang='lat' dir='ltr'>cominus</span> <span class='ocrx_word' id='word_1_52' title='bbox 737 753 869 814; x_wconf 84' lang='lat' dir='ltr'>gerebatur</span> <span class='ocrx_word' id='word_1_53' title='bbox 880 767 923 800; x_wconf 89' lang='lat' dir='ltr'>res</span> <span class='ocrx_word' id='word_1_54' title='bbox 928 772 938 816; x_wconf 61' lang='grc' dir='ltr'><strong><em>ς</em></strong></span> 
     </span>
     <span class='ocr_line' id='line_1_8' title="bbox 192 825 939 894; baseline 0.003 -18"><span class='ocrx_word' id='word_1_55' title='bbox 192 825 225 886; x_wconf 76' lang='lat' dir='ltr'>dt,</span> <span class='ocrx_word' id='word_1_56' title='bbox 248 828 291 892; x_wconf 90' lang='lat' dir='ltr'>qui</span> <span class='ocrx_word' id='word_1_57' title='bbox 310 843 373 892; x_wconf 82' lang='lat' dir='ltr'>aegre</span> <span class='ocrx_word' id='word_1_58' title='bbox 390 829 548 887; x_wconf 69' lang='lat' dir='ltr'>succeti&#39;erant</span> <span class='ocrx_word' id='word_1_59' title='bbox 565 845 598 878; x_wconf 81' lang='lat' dir='ltr'>ex</span> <span class='ocrx_word' id='word_1_60' title='bbox 616 829 689 894; x_wconf 74' lang='lat' dir='ltr'>plirno</span> <span class='ocrx_word' id='word_1_61' title='bbox 709 831 735 878; x_wconf 89' lang='lat' dir='ltr'>in</span> <span class='ocrx_word' id='word_1_62' title='bbox 754 844 845 891; x_wconf 87' lang='lat' dir='ltr'>muros,</span> <span class='ocrx_word' id='word_1_63' title='bbox 868 829 939 892; x_wconf 85' lang='lat' dir='ltr'>loco,</span> 
     </span>
     <span class='ocr_line' id='line_1_9' title="bbox 192 906 937 972; baseline 0.005 -22"><span class='ocrx_word' id='word_1_64' title='bbox 192 919 266 967; x_wconf 91' lang='lat' dir='ltr'>quem</span> <span class='ocrx_word' id='word_1_65' title='bbox 277 907 354 968; x_wconf 86' lang='lat' dir='ltr'>magis</span> <span class='ocrx_word' id='word_1_66' title='bbox 371 907 510 968; x_wconf 82' lang='lat' dir='ltr'>timuerant,</span> <span class='ocrx_word' id='word_1_67' title='bbox 528 906 605 968; x_wconf 70' lang='lat' dir='ltr'>viiio,</span> <span class='ocrx_word' id='word_1_68' title='bbox 623 906 693 955; x_wconf 80' lang='lat' dir='ltr'>facili:</span> <span class='ocrx_word' id='word_1_69' title='bbox 710 908 735 954; x_wconf 89' lang='lat' dir='ltr'>in</span> <span class='ocrx_word' id='word_1_70' title='bbox 747 907 839 972; x_wconf 83' lang='lat' dir='ltr'>hostem</span> <span class='ocrx_word' id='word_1_71' title='bbox 854 907 937 972; x_wconf 82' lang='lat' dir='ltr'>impa-</span> 
     </span>
    </p>
   </div>
   <div class='ocr_carea' id='block_1_3' title="bbox 191 975 946 1050">
    <p class='ocr_par' dir='ltr' id='par_1_3' title="bbox 191 975 946 1050">
     <span class='ocr_line' id='line_1_10' title="bbox 191 975 946 1050; baseline 0.001 -20"><span class='ocrx_word' id='word_1_72' title='bbox 191 993 245 1030; x_wconf 84' lang='lat' dir='ltr'>rem</span> <span class='ocrx_word' id='word_1_73' title='bbox 258 995 290 1031; x_wconf 83' lang='lat' dir='ltr'>ex</span> <span class='ocrx_word' id='word_1_74' title='bbox 307 997 378 1047; x_wconf 85' lang='lat' dir='ltr'>aequo</span> <span class='ocrx_word' id='word_1_75' title='bbox 396 975 556 1050; x_wconf 85' lang='lat' dir='ltr'>pugnabant;</span> <span class='ocrx_word' id='word_1_76' title='bbox 574 983 786 1032; x_wconf 74' lang='lat' dir='ltr'>renuis-turribus</span> <span class='ocrx_word' id='word_1_77' title='bbox 803 983 946 1048; x_wconf 74' lang='lat' dir='ltr'>murisque,·</span> 
     </span>
    </p>
   </div>
   <div class='ocr_carea' id='block_1_4' title="bbox 190 1057 940 2202">
    <p class='ocr_par' dir='ltr' id='par_1_4' title="bbox 190 1057 940 2202">
     <span class='ocr_line' id='line_1_11' title="bbox 193 1057 939 1131; baseline 0.009 -26"><span class='ocrx_word' id='word_1_78' title='bbox 193 1057 219 1105; x_wconf 87' lang='lat' dir='ltr'>in</span> <span class='ocrx_word' id='word_1_79' title='bbox 230 1057 313 1106; x_wconf 80' lang='lat' dir='ltr'>forum</span> <span class='ocrx_word' id='word_1_80' title='bbox 324 1075 409 1110; x_wconf 86' lang='lat' dir='ltr'>omnes</span> <span class='ocrx_word' id='word_1_81' title='bbox 425 1059 550 1131; x_wconf 74' lang='lat' dir='ltr'>compuJfi,</span> <span class='ocrx_word' id='word_1_82' title='bbox 567 1061 689 1127; x_wconf 75' lang='lat' dir='ltr'>paulisper</span> <span class='ocrx_word' id='word_1_83' title='bbox 704 1059 760 1109; x_wconf 87' lang='lat' dir='ltr'>inde</span> <span class='ocrx_word' id='word_1_84' title='bbox 777 1071 939 1112; x_wconf 82' lang='lat' dir='ltr'>tentaverunt</span> 
     </span>
     <span class='ocr_line' id='line_1_12' title="bbox 193 1137 939 1203; baseline 0.004 -20"><span class='ocrx_word' id='word_1_85' title='bbox 193 1145 329 1185; x_wconf 83' lang='lat' dir='ltr'>extremam</span> <span class='ocrx_word' id='word_1_86' title='bbox 341 1151 429 1203; x_wconf 83' lang='lat' dir='ltr'>pugnae</span> <span class='ocrx_word' id='word_1_87' title='bbox 447 1137 582 1187; x_wconf 79' lang='lat' dir='ltr'>fortunam.</span> <span class='ocrx_word' id='word_1_88' title='bbox 618 1137 721 1200; x_wconf 82' lang='lat' dir='ltr'>Deinde,</span> <span class='ocrx_word' id='word_1_89' title='bbox 738 1137 837 1200; x_wconf 68' lang='lat' dir='ltr'>abjediis</span> <span class='ocrx_word' id='word_1_90' title='bbox 854 1139 939 1200; x_wconf 87' lang='lat' dir='ltr'>armis,</span> 
     </span>
     <span class='ocr_line' id='line_1_13' title="bbox 192 1211 939 1280; baseline 0.008 -20"><span class='ocrx_word' id='word_1_91' title='bbox 192 1211 224 1260; x_wconf 74' lang='lat' dir='ltr'>sd</span> <span class='ocrx_word' id='word_1_92' title='bbox 235 1211 352 1262; x_wconf 84' lang='lat' dir='ltr'>undecim</span> <span class='ocrx_word' id='word_1_93' title='bbox 364 1213 439 1262; x_wconf 82' lang='lat' dir='ltr'>millia</span> <span class='ocrx_word' id='word_1_94' title='bbox 456 1215 585 1264; x_wconf 88' lang='lat' dir='ltr'>hominum</span> <span class='ocrx_word' id='word_1_95' title='bbox 602 1215 811 1280; x_wconf 80' lang='lat' dir='ltr'>&amp;quadringenti</span> <span class='ocrx_word' id='word_1_96' title='bbox 827 1215 853 1262; x_wconf 86' lang='lat' dir='ltr'>in</span> <span class='ocrx_word' id='word_1_97' title='bbox 862 1213 939 1266; x_wconf 81' lang='lat' dir='ltr'>fidem</span> 
     </span>
     <span class='ocr_line' id='line_1_14' title="bbox 193 1289 937 1358; baseline 0.005 -21"><span class='ocrx_word' id='word_1_98' title='bbox 193 1289 299 1338; x_wconf 79' lang='lat' dir='ltr'>consulis</span> <span class='ocrx_word' id='word_1_99' title='bbox 311 1301 441 1340; x_wconf 87' lang='lat' dir='ltr'>venerunt.</span> <span class='ocrx_word' id='word_1_100' title='bbox 465 1292 524 1342; x_wconf 81' lang='lat' dir='ltr'>caei&#39;a</span> <span class='ocrx_word' id='word_1_101' title='bbox 539 1293 570 1342; x_wconf 80' lang='lat' dir='ltr'>ad</span> <span class='ocrx_word' id='word_1_102' title='bbox 584 1304 689 1358; x_wconf 89' lang='lat' dir='ltr'>quatuor</span> <span class='ocrx_word' id='word_1_103' title='bbox 700 1292 776 1340; x_wconf 88' lang='lat' dir='ltr'>millia</span> <span class='ocrx_word' id='word_1_104' title='bbox 788 1292 889 1339; x_wconf 77' lang='lat' dir='ltr'>trecenti</span> <span class='ocrx_word' id='word_1_105' title='bbox 906 1306 937 1341; x_wconf 92' lang='lat' dir='ltr'>o·</span> 
     </span>
     <span class='ocr_line' id='line_1_15' title="bbox 193 1362 937 1434; baseline 0.005 -20"><span class='ocrx_word' id='word_1_106' title='bbox 193 1362 310 1429; x_wconf 64' lang='lat' dir='ltr'>Regium.</span> <span class='ocrx_word' id='word_1_107' title='bbox 346 1367 384 1416; x_wconf 87' lang='lat' dir='ltr'>Sic</span> <span class='ocrx_word' id='word_1_108' title='bbox 396 1367 427 1416; x_wconf 87' lang='lat' dir='ltr'>ad</span> <span class='ocrx_word' id='word_1_109' title='bbox 439 1371 591 1432; x_wconf 88' lang='lat' dir='ltr'>Cominium,</span> <span class='ocrx_word' id='word_1_110' title='bbox 609 1369 639 1419; x_wconf 83' lang='lat' dir='ltr'>iic</span> <span class='ocrx_word' id='word_1_111' title='bbox 650 1369 681 1418; x_wconf 82' lang='lat' dir='ltr'>ad</span> <span class='ocrx_word' id='word_1_112' title='bbox 693 1367 852 1434; x_wconf 81' lang='lat' dir='ltr'>Aquiloniam</span> <span class='ocrx_word' id='word_1_113' title='bbox 870 1367 937 1431; x_wconf 72' lang='lat' dir='ltr'>golia</span> 
     </span>
     <span class='ocr_line' id='line_1_16' title="bbox 192 1441 937 1512; baseline 0.004 -19"><span class='ocrx_word' id='word_1_114' title='bbox 192 1455 240 1493; x_wconf 88' lang='lat' dir='ltr'>res.</span> <span class='ocrx_word' id='word_1_115' title='bbox 274 1441 335 1492; x_wconf 90' lang='lat' dir='ltr'>Inde</span> <span class='ocrx_word' id='word_1_116' title='bbox 352 1445 434 1496; x_wconf 90' lang='lat' dir='ltr'>medio</span> <span class='ocrx_word' id='word_1_117' title='bbox 452 1447 516 1497; x_wconf 86' lang='lat' dir='ltr'>inter</span> <span class='ocrx_word' id='word_1_118' title='bbox 532 1446 592 1497; x_wconf 83' lang='lat' dir='ltr'>duas</span> <span class='ocrx_word' id='word_1_119' title='bbox 608 1447 680 1496; x_wconf 89' lang='lat' dir='ltr'>urbes</span> <span class='ocrx_word' id='word_1_120' title='bbox 697 1447 784 1512; x_wconf 82' lang='lat' dir='ltr'>spatio,</span> <span class='ocrx_word' id='word_1_121' title='bbox 801 1443 845 1493; x_wconf 88' lang='lat' dir='ltr'>ubi</span> <span class='ocrx_word' id='word_1_122' title='bbox 861 1447 937 1496; x_wconf 77' lang='lat' dir='ltr'>tertia</span> 
     </span>
     <span class='ocr_line' id='line_1_17' title="bbox 191 1518 938 1590; baseline 0.011 -25"><span class='ocrx_word' id='word_1_123' title='bbox 191 1518 332 1586; x_wconf 69' lang='lat' dir='ltr'>exspeeinta</span> <span class='ocrx_word' id='word_1_124' title='bbox 341 1533 394 1571; x_wconf 88' lang='lat' dir='ltr'>erat</span> <span class='ocrx_word' id='word_1_125' title='bbox 405 1539 494 1590; x_wconf 82' lang='lat' dir='ltr'>pugna,</span> <span class='ocrx_word' id='word_1_126' title='bbox 512 1525 590 1575; x_wconf 82' lang='lat' dir='ltr'>hostes</span> <span class='ocrx_word' id='word_1_127' title='bbox 599 1539 649 1576; x_wconf 89' lang='lat' dir='ltr'>non</span> <span class='ocrx_word' id='word_1_128' title='bbox 661 1525 766 1574; x_wconf 78' lang='lat' dir='ltr'>inventi.</span> <span class='ocrx_word' id='word_1_129' title='bbox 783 1523 875 1589; x_wconf 87' lang='lat' dir='ltr'>septem</span> <span class='ocrx_word' id='word_1_130' title='bbox 883 1523 938 1573; x_wconf 85' lang='lat' dir='ltr'>mil-</span> 
     </span>
     <span class='ocr_line' id='line_1_18' title="bbox 192 1593 938 1667; baseline 0.012 -24"><span class='ocrx_word' id='word_1_131' title='bbox 192 1593 226 1644; x_wconf 85' lang='lat' dir='ltr'>iia</span> <span class='ocrx_word' id='word_1_132' title='bbox 237 1595 346 1663; x_wconf 79' lang='lat' dir='ltr'>pass&#39;uum</span> <span class='ocrx_word' id='word_1_133' title='bbox 359 1615 435 1664; x_wconf 88' lang='lat' dir='ltr'>quum</span> <span class='ocrx_word' id='word_1_134' title='bbox 447 1602 575 1653; x_wconf 71' lang='lat' dir='ltr'>abessentd</span> <span class='ocrx_word' id='word_1_135' title='bbox 585 1604 711 1667; x_wconf 85' lang='lat' dir='ltr'>Cominio,</span> <span class='ocrx_word' id='word_1_136' title='bbox 728 1601 839 1652; x_wconf 84' lang='lat' dir='ltr'>revocati</span> <span class='ocrx_word' id='word_1_137' title='bbox 846 1601 879 1650; x_wconf 81' lang='lat' dir='ltr'>ab</span> <span class='ocrx_word' id='word_1_138' title='bbox 889 1600 938 1652; x_wconf 77' lang='lat' dir='ltr'>suis</span> 
     </span>
     <span class='ocr_line' id='line_1_19' title="bbox 190 1673 940 1742; baseline 0.008 -20"><span class='ocrx_word' id='word_1_139' title='bbox 190 1673 274 1722; x_wconf 83' lang='lat' dir='ltr'>neutri</span> <span class='ocrx_word' id='word_1_140' title='bbox 284 1674 370 1738; x_wconf 79' lang='lat' dir='ltr'>proelio</span> <span class='ocrx_word' id='word_1_141' title='bbox 378 1691 546 1738; x_wconf 82' lang='lat' dir='ltr'>occurrerunt.</span> <span class='ocrx_word' id='word_1_142' title='bbox 559 1681 646 1729; x_wconf 84' lang='lat' dir='ltr'>Primis</span> <span class='ocrx_word' id='word_1_143' title='bbox 655 1679 732 1729; x_wconf 79' lang='lat' dir='ltr'>ferme</span> <span class='ocrx_word' id='word_1_144' title='bbox 741 1679 855 1739; x_wconf 85' lang='lat' dir='ltr'>tenebris,</span> <span class='ocrx_word' id='word_1_145' title='bbox 863 1691 940 1742; x_wconf 83' lang='lat' dir='ltr'>quum</span> 
     </span>
     <span class='ocr_line' id='line_1_20' title="bbox 192 1749 935 1822; baseline -0.008 -13"><span class='ocrx_word' id='word_1_146' title='bbox 192 1749 219 1798; x_wconf 67' lang='lat'>5¹¹</span> <span class='ocrx_word' id='word_1_147' title='bbox 237 1749 366 1817; x_wconf 62' lang='lat' dir='ltr'>conspectu</span> <span class='ocrx_word' id='word_1_148' title='bbox 382 1755 432 1817; x_wconf 83' lang='lat' dir='ltr'>jam</span> <span class='ocrx_word' id='word_1_149' title='bbox 451 1757 534 1817; x_wconf 83' lang='lat' dir='ltr'>castra,</span> <span class='ocrx_word' id='word_1_150' title='bbox 549 1758 600 1820; x_wconf 86' lang='lat' dir='ltr'>jam</span> <span class='ocrx_word' id='word_1_151' title='bbox 620 1757 779 1822; x_wconf 89' lang='lat' dir='ltr'>Aquiloniam</span> <span class='ocrx_word' id='word_1_152' title='bbox 792 1754 935 1818; x_wconf 80' lang='lat' dir='ltr'>habuissent,</span> 
     </span>
     <span class='ocr_line' id='line_1_21' title="bbox 193 1827 937 1902; baseline 0.011 -27"><span class='ocrx_word' id='word_1_153' title='bbox 193 1827 287 1877; x_wconf 81' lang='lat' dir='ltr'>eiamor</span> <span class='ocrx_word' id='word_1_154' title='bbox 299 1843 340 1878; x_wconf 85' lang='lat' dir='ltr'>eos</span> <span class='ocrx_word' id='word_1_155' title='bbox 358 1830 475 1900; x_wconf 83' lang='lat' dir='ltr'>utrinque</span> <span class='ocrx_word' id='word_1_156' title='bbox 491 1849 535 1902; x_wconf 84' lang='lat' dir='ltr'>par</span> <span class='ocrx_word' id='word_1_157' title='bbox 549 1832 660 1883; x_wconf 83' lang='lat' dir='ltr'>accidens</span> <span class='ocrx_word' id='word_1_158' title='bbox 678 1833 797 1883; x_wconf 82' lang='lat' dir='ltr'>sustinuit.</span> <span class='ocrx_word' id='word_1_159' title='bbox 820 1829 937 1883; x_wconf 75' lang='lat' dir='ltr'>deindee</span> 
     </span>
     <span class='ocr_line' id='line_1_22' title="bbox 192 1906 937 1976; baseline 0.004 -24"><span class='ocrx_word' id='word_1_160' title='bbox 192 1906 295 1968; x_wconf 83' lang='lat' dir='ltr'>regione</span> <span class='ocrx_word' id='word_1_161' title='bbox 315 1909 457 1974; x_wconf 84' lang='lat' dir='ltr'>castrorum,</span> <span class='ocrx_word' id='word_1_162' title='bbox 482 1927 536 1976; x_wconf 81' lang='lat' dir='ltr'>quae</span> <span class='ocrx_word' id='word_1_163' title='bbox 557 1911 654 1960; x_wconf 83' lang='lat' dir='ltr'>incensa</span> <span class='ocrx_word' id='word_1_164' title='bbox 673 1911 705 1960; x_wconf 82' lang='lat' dir='ltr'>ub</span> <span class='ocrx_word' id='word_1_165' title='bbox 723 1909 841 1959; x_wconf 82' lang='lat' dir='ltr'>Romanis</span> <span class='ocrx_word' id='word_1_166' title='bbox 859 1917 937 1969; x_wconf 88' lang='lat' dir='ltr'>erant,</span> 
     </span>
     <span class='ocr_line' id='line_1_23' title="bbox 191 1977 938 2052; baseline 0.003 -20"><span class='ocrx_word' id='word_1_167' title='bbox 191 1981 293 2033; x_wconf 75' lang='lat' dir='ltr'>damma</span> <span class='ocrx_word' id='word_1_168' title='bbox 304 1977 422 2039; x_wconf 66' lang='lat' dir='ltr'>latefusa</span> <span class='ocrx_word' id='word_1_169' title='bbox 440 1989 550 2038; x_wconf 78' lang='lat' dir='ltr'>certioris</span> <span class='ocrx_word' id='word_1_170' title='bbox 566 1987 640 2038; x_wconf 81' lang='lat' dir='ltr'>eladis</span> <span class='ocrx_word' id='word_1_171' title='bbox 655 1987 747 2036; x_wconf 85' lang='lat' dir='ltr'>indicio</span> <span class='ocrx_word' id='word_1_172' title='bbox 760 1986 872 2052; x_wconf 86' lang='lat' dir='ltr'>progredi</span> <span class='ocrx_word' id='word_1_173' title='bbox 884 1986 938 2034; x_wconf 82' lang='lat' dir='ltr'>lon·</span> 
     </span>
     <span class='ocr_line' id='line_1_24' title="bbox 192 2061 937 2130; baseline 0 -20"><span class='ocrx_word' id='word_1_174' title='bbox 192 2061 248 2124; x_wconf 80' lang='lat' dir='ltr'>gitis</span> <span class='ocrx_word' id='word_1_175' title='bbox 261 2064 395 2130; x_wconf 88' lang='lat' dir='ltr'>prohibuit.</span> <span class='ocrx_word' id='word_1_176' title='bbox 430 2068 468 2114; x_wconf 89' lang='lat' dir='ltr'>Eo</span> <span class='ocrx_word' id='word_1_177' title='bbox 479 2065 532 2130; x_wconf 93' lang='lat' dir='ltr'>ipso</span> <span class='ocrx_word' id='word_1_178' title='bbox 548 2065 604 2113; x_wconf 89' lang='lat' dir='ltr'>loco</span> <span class='ocrx_word' id='word_1_179' title='bbox 622 2067 697 2128; x_wconf 74' lang='lat' dir='ltr'>prope</span> <span class='ocrx_word' id='word_1_180' title='bbox 706 2073 796 2110; x_wconf 89' lang='lat' dir='ltr'>temere</span> <span class='ocrx_word' id='word_1_181' title='bbox 809 2061 852 2110; x_wconf 89' lang='lat' dir='ltr'>sub</span> <span class='ocrx_word' id='word_1_182' title='bbox 865 2062 937 2111; x_wconf 76' lang='lat' dir='ltr'>armit</span> 
     </span>
     <span class='ocr_line' id='line_1_25' title="bbox 193 2131 936 2202; baseline -0.013 -15"><span class='ocrx_word' id='word_1_183' title='bbox 193 2137 261 2187; x_wconf 79' lang='lat' dir='ltr'>strati</span> <span class='ocrx_word' id='word_1_184' title='bbox 278 2139 360 2202; x_wconf 70' lang='lat' dir='ltr'>panim</span> <span class='ocrx_word' id='word_1_185' title='bbox 381 2139 518 2202; x_wconf 86' lang='lat' dir='ltr'>inquietum</span> <span class='ocrx_word' id='word_1_186' title='bbox 535 2131 608 2186; x_wconf 82' lang='lat' dir='ltr'>omne</span> <span class='ocrx_word' id='word_1_187' title='bbox 628 2145 723 2199; x_wconf 85' lang='lat' dir='ltr'>tempus</span> <span class='ocrx_word' id='word_1_188' title='bbox 739 2133 825 2194; x_wconf 69' lang='lat' dir='ltr'>noeiis,</span> <span class='ocrx_word' id='word_1_189' title='bbox 849 2135 936 2198; x_wconf 66' lang='lat' dir='ltr'>exspe-</span> 
     </span>
    </p>
   </div>
   <div class='ocr_carea' id='block_1_5' title="bbox 168 2207 967 2424">
    <p class='ocr_par' dir='ltr' id='par_1_5' title="bbox 168 2207 967 2424">
     <span class='ocr_line' id='line_1_26' title="bbox 192 2207 966 2277; baseline -0.008 -15"><span class='ocrx_word' id='word_1_190' title='bbox 192 2213 280 2264; x_wconf 69' lang='lat' dir='ltr'>{tando</span> <span class='ocrx_word' id='word_1_191' title='bbox 294 2212 452 2276; x_wconf 86' lang='lat' dir='ltr'>timendoque</span> <span class='ocrx_word' id='word_1_192' title='bbox 463 2213 551 2274; x_wconf 88' lang='lat' dir='ltr'>iucem,</span> <span class='ocrx_word' id='word_1_193' title='bbox 569 2225 649 2274; x_wconf 85' lang='lat' dir='ltr'>egere.</span> <span class='ocrx_word' id='word_1_194' title='bbox 675 2207 754 2274; x_wconf 77' lang='lat' dir='ltr'>primi</span> <span class='ocrx_word' id='word_1_195' title='bbox 769 2207 831 2266; x_wconf 89' lang='lat' dir='ltr'>luce,</span> <span class='ocrx_word' id='word_1_196' title='bbox 848 2207 935 2256; x_wconf 82' lang='lat' dir='ltr'>incerti</span> <span class='ocrx_word' id='word_1_197' title='bbox 961 2271 966 2277; x_wconf 18' lang='grc' dir='ltr'>ἱ</span> 
     </span>
     <span class='ocr_line' id='line_1_27' title="bbox 193 2279 967 2352; baseline -0.008 -18"><span class='ocrx_word' id='word_1_198' title='bbox 193 2301 265 2352; x_wconf 84' lang='lat' dir='ltr'>quam</span> <span class='ocrx_word' id='word_1_199' title='bbox 277 2288 301 2334; x_wconf 90' lang='lat' dir='ltr'>in</span> <span class='ocrx_word' id='word_1_200' title='bbox 312 2296 405 2352; x_wconf 87' lang='lat' dir='ltr'>partem</span> <span class='ocrx_word' id='word_1_201' title='bbox 415 2286 567 2336; x_wconf 84' lang='lat' dir='ltr'>intenderent</span> <span class='ocrx_word' id='word_1_202' title='bbox 577 2286 630 2346; x_wconf 89' lang='lat' dir='ltr'>iter,</span> <span class='ocrx_word' id='word_1_203' title='bbox 638 2283 738 2348; x_wconf 76' lang='lat' dir='ltr'>repente</span> <span class='ocrx_word' id='word_1_204' title='bbox 749 2279 775 2326; x_wconf 89' lang='lat' dir='ltr'>in</span> <span class='ocrx_word' id='word_1_205' title='bbox 784 2279 868 2340; x_wconf 81' lang='lat' dir='ltr'>sugam</span> <span class='ocrx_word' id='word_1_206' title='bbox 877 2297 936 2331; x_wconf 89' lang='lat' dir='ltr'>con·</span> <span class='ocrx_word' id='word_1_207' title='bbox 961 2319 967 2328; x_wconf 91' lang='lat'>.</span> 
     </span>
     <span class='ocr_line' id='line_1_28' title="bbox 168 2351 946 2424; baseline -0.005 -15"><span class='ocrx_word' id='word_1_208' title='bbox 168 2363 171 2372; x_wconf 90' lang='lat'>&#39;</span> <span class='ocrx_word' id='word_1_209' title='bbox 192 2359 335 2419; x_wconf 75' lang='lat' dir='ltr'>sternantur,</span> <span class='ocrx_word' id='word_1_210' title='bbox 345 2355 471 2424; x_wconf 73' lang='lat' dir='ltr'>&#39;conspeeii</span> <span class='ocrx_word' id='word_1_211' title='bbox 482 2358 513 2406; x_wconf 83' lang='lat' dir='ltr'>ab</span> <span class='ocrx_word' id='word_1_212' title='bbox 525 2357 665 2421; x_wconf 81' lang='lat' dir='ltr'>equitibus:</span> <span class='ocrx_word' id='word_1_213' title='bbox 685 2353 736 2418; x_wconf 86' lang='lat' dir='ltr'>qui,</span> <span class='ocrx_word' id='word_1_214' title='bbox 746 2351 850 2415; x_wconf 68' lang='lat' dir='ltr'>egressos</span> <span class='ocrx_word' id='word_1_215' title='bbox 864 2355 946 2412; x_wconf 74' lang='lat' dir='ltr'>uode¹</span> 
     </span>
    </p>
   </div>
   <div class='ocr_carea' id='block_1_6' title="bbox 192 2429 936 3115">
    <p class='ocr_par' dir='ltr' id='par_1_6' title="bbox 192 2429 936 3115">
     <span class='ocr_line' id='line_1_29' title="bbox 193 2429 934 2502; baseline -0.008 -16"><span class='ocrx_word' id='word_1_216' title='bbox 193 2429 226 2486; x_wconf 82' lang='lat' dir='ltr'>ab</span> <span class='ocrx_word' id='word_1_217' title='bbox 235 2429 328 2502; x_wconf 85' lang='lat' dir='ltr'>oppido</span> <span class='ocrx_word' id='word_1_218' title='bbox 340 2435 457 2483; x_wconf 85' lang='lat' dir='ltr'>Samnites</span> <span class='ocrx_word' id='word_1_219' title='bbox 472 2433 600 2500; x_wconf 84' lang='lat' dir='ltr'>persecuti,</span> <span class='ocrx_word' id='word_1_220' title='bbox 617 2431 732 2481; x_wconf 82' lang='lat' dir='ltr'>viderant</span> <span class='ocrx_word' id='word_1_221' title='bbox 743 2429 934 2496; x_wconf 83' lang='lat' dir='ltr'>multitudinem,</span> 
     </span>
     <span class='ocr_line' id='line_1_30' title="bbox 193 2505 936 2573; baseline -0.009 -9"><span class='ocrx_word' id='word_1_222' title='bbox 193 2505 243 2564; x_wconf 84' lang='lat' dir='ltr'>non</span> <span class='ocrx_word' id='word_1_223' title='bbox 254 2513 329 2573; x_wconf 83' lang='lat' dir='ltr'>vallo,</span> <span class='ocrx_word' id='word_1_224' title='bbox 347 2527 397 2562; x_wconf 87' lang='lat' dir='ltr'>non</span> <span class='ocrx_word' id='word_1_225' title='bbox 407 2510 550 2560; x_wconf 83' lang='lat' dir='ltr'>stationibus</span> <span class='ocrx_word' id='word_1_226' title='bbox 560 2509 690 2560; x_wconf 82' lang='lat' dir='ltr'>firnratam.</span> <span class='ocrx_word' id='word_1_227' title='bbox 726 2505 861 2573; x_wconf 72' lang='lat' dir='ltr'>Conspetia</span> <span class='ocrx_word' id='word_1_228' title='bbox 871 2507 895 2558; x_wconf 70' lang='grc'>8(</span> <span class='ocrx_word' id='word_1_229' title='bbox 904 2519 936 2560; x_wconf 78' lang='lat' dir='ltr'>ex</span> 
     </span>
     <span class='ocr_line' id='line_1_31' title="bbox 193 2583 935 2651; baseline -0.005 -13"><span class='ocrx_word' id='word_1_230' title='bbox 193 2589 269 2638; x_wconf 89' lang='lat' dir='ltr'>muris</span> <span class='ocrx_word' id='word_1_231' title='bbox 283 2587 422 2651; x_wconf 68' lang='lat' dir='ltr'>Aquilonia</span> <span class='ocrx_word' id='word_1_232' title='bbox 437 2603 465 2634; x_wconf 84' lang='lat' dir='ltr'>ea</span> <span class='ocrx_word' id='word_1_233' title='bbox 479 2585 614 2636; x_wconf 84' lang='lat' dir='ltr'>multitudo</span> <span class='ocrx_word' id='word_1_234' title='bbox 622 2591 689 2635; x_wconf 74' lang='lat' dir='ltr'>‘erat</span> <span class='ocrx_word' id='word_1_235' title='bbox 706 2583 806 2648; x_wconf 80' lang='lat' dir='ltr'>jamque</span> <span class='ocrx_word' id='word_1_236' title='bbox 816 2586 891 2633; x_wconf 84' lang='lat' dir='ltr'>etiam</span> <span class='ocrx_word' id='word_1_237' title='bbox 902 2585 935 2634; x_wconf 90' lang='lat' dir='ltr'>le·</span> 
     </span>
     <span class='ocr_line' id='line_1_32' title="bbox 192 2659 935 2728; baseline -0.003 -16"><span class='ocrx_word' id='word_1_238' title='bbox 192 2665 310 2728; x_wconf 81' lang='lat' dir='ltr'>gionariae</span> <span class='ocrx_word' id='word_1_239' title='bbox 328 2665 441 2713; x_wconf 84' lang='lat' dir='ltr'>cohortes</span> <span class='ocrx_word' id='word_1_240' title='bbox 458 2661 631 2728; x_wconf 81' lang='lat' dir='ltr'>sequebantur.</span> <span class='ocrx_word' id='word_1_241' title='bbox 668 2665 783 2711; x_wconf 80' lang='lat' dir='ltr'>Ceterum</span> <span class='ocrx_word' id='word_1_242' title='bbox 800 2675 846 2708; x_wconf 86' lang='lat' dir='ltr'>nec</span> <span class='ocrx_word' id='word_1_243' title='bbox 864 2659 935 2724; x_wconf 85' lang='lat' dir='ltr'>pedet</span> 
     </span>
     <span class='ocr_line' id='line_1_33' title="bbox 192 2733 934 2805; baseline -0.009 -16"><span class='ocrx_word' id='word_1_244' title='bbox 192 2739 315 2802; x_wconf 80' lang='lat' dir='ltr'>fugientes</span> <span class='ocrx_word' id='word_1_245' title='bbox 333 2739 443 2804; x_wconf 82' lang='lat' dir='ltr'>persequi</span> <span class='ocrx_word' id='word_1_246' title='bbox 461 2741 558 2805; x_wconf 89' lang='lat' dir='ltr'>potuit:</span> <span class='ocrx_word' id='word_1_247' title='bbox 577 2740 604 2794; x_wconf 62' lang='lat' dir='ltr'>de,</span> <span class='ocrx_word' id='word_1_248' title='bbox 622 2738 654 2788; x_wconf 91' lang='lat' dir='ltr'>ab</span> <span class='ocrx_word' id='word_1_249' title='bbox 670 2737 753 2802; x_wconf 88' lang='lat' dir='ltr'>equite</span> <span class='ocrx_word' id='word_1_250' title='bbox 769 2733 893 2783; x_wconf 85' lang='lat' dir='ltr'>noviffimi</span> <span class='ocrx_word' id='word_1_251' title='bbox 909 2749 934 2783; x_wconf 86' lang='lat' dir='ltr'>a·</span> 
     </span>
     <span class='ocr_line' id='line_1_34' title="bbox 193 2807 935 2880; baseline -0.005 -17"><span class='ocrx_word' id='word_1_252' title='bbox 193 2817 283 2880; x_wconf 84' lang='lat' dir='ltr'>gminis</span> <span class='ocrx_word' id='word_1_253' title='bbox 295 2815 394 2864; x_wconf 86' lang='lat' dir='ltr'>ducenti</span> <span class='ocrx_word' id='word_1_254' title='bbox 410 2814 488 2864; x_wconf 82' lang='lat' dir='ltr'>ferme</span> <span class='ocrx_word' id='word_1_255' title='bbox 509 2817 533 2865; x_wconf 76' lang='lat' dir='ltr'>de</span> <span class='ocrx_word' id='word_1_256' title='bbox 551 2813 677 2878; x_wconf 65' lang='lat' dir='ltr'>otioginta</span> <span class='ocrx_word' id='word_1_257' title='bbox 696 2807 825 2861; x_wconf 71' lang='lat' dir='ltr'>intersedi.</span> <span class='ocrx_word' id='word_1_258' title='bbox 861 2812 935 2859; x_wconf 74' lang='lat' dir='ltr'>Arme</span> 
     </span>
     <span class='ocr_line' id='line_1_35' title="bbox 194 2886 933 2960; baseline -0.015 -16"><span class='ocrx_word' id='word_1_259' title='bbox 194 2893 272 2944; x_wconf 80' lang='lat' dir='ltr'>multa</span> <span class='ocrx_word' id='word_1_260' title='bbox 281 2893 367 2960; x_wconf 85' lang='lat' dir='ltr'>pavidi</span> <span class='ocrx_word' id='word_1_261' title='bbox 376 2909 405 2942; x_wconf 86' lang='lat' dir='ltr'>ac</span> <span class='ocrx_word' id='word_1_262' title='bbox 421 2892 486 2956; x_wconf 86' lang='lat' dir='ltr'>srgna</span> <span class='ocrx_word' id='word_1_263' title='bbox 497 2893 613 2943; x_wconf 88' lang='lat' dir='ltr'>militaria</span> <span class='ocrx_word' id='word_1_264' title='bbox 623 2887 796 2950; x_wconf 88' lang='lat' dir='ltr'>duodeviginti</span> <span class='ocrx_word' id='word_1_265' title='bbox 809 2886 933 2950; x_wconf 87' lang='lat' dir='ltr'>reliquere.</span> 
     </span>
     <span class='ocr_line' id='line_1_36' title="bbox 195 2963 934 3040; baseline -0.014 -21"><span class='ocrx_word' id='word_1_266' title='bbox 195 2969 245 3040; x_wconf 71' lang='lat' dir='ltr'>elio</span> <span class='ocrx_word' id='word_1_267' title='bbox 257 2963 355 3034; x_wconf 87' lang='lat' dir='ltr'>agmine</span> <span class='ocrx_word' id='word_1_268' title='bbox 368 2971 494 3034; x_wconf 83' lang='lat' dir='ltr'>incolumi,</span> <span class='ocrx_word' id='word_1_269' title='bbox 511 2982 539 3023; x_wconf 89' lang='lat' dir='ltr'>ut</span> <span class='ocrx_word' id='word_1_270' title='bbox 550 2986 583 3024; x_wconf 86' lang='lat' dir='ltr'>ex</span> <span class='ocrx_word' id='word_1_271' title='bbox 594 2980 662 3022; x_wconf 82' lang='lat' dir='ltr'>tanta</span> <span class='ocrx_word' id='word_1_272' title='bbox 673 2963 844 3036; x_wconf 76' lang='lat' dir='ltr'>trepidatione,</span> <span class='ocrx_word' id='word_1_273' title='bbox 862 2963 934 3010; x_wconf 83' lang='lat' dir='ltr'>Bovi-</span> 
     </span>
     <span class='ocr_line' id='line_1_37' title="bbox 196 3042 931 3115; baseline -0.004 -17"><span class='ocrx_word' id='word_1_274' title='bbox 196 3059 272 3098; x_wconf 70' lang='lat' dir='ltr'>anum</span> <span class='ocrx_word' id='word_1_275' title='bbox 284 3055 431 3115; x_wconf 86' lang='lat' dir='ltr'>perventum</span> <span class='ocrx_word' id='word_1_276' title='bbox 442 3045 484 3100; x_wconf 77' lang='lat' dir='ltr'>est.</span> <span class='ocrx_word' id='word_1_277' title='bbox 926 3042 931 3052; x_wconf 83' lang='lat'><em>&#39;</em></span> 
     </span>
    </p>
   </div>
   <div class='ocr_carea' id='block_1_7' title="bbox 0 0 1072 3642">
    <p class='ocr_par' dir='ltr' id='par_1_7' title="bbox 0 0 1072 3642">
     <span class='ocr_line' id='line_1_38' title="bbox 0 0 1072 3642; baseline 0 0"><span class='ocrx_word' id='word_1_278' title='bbox 0 0 1072 3642; x_wconf 95' lang='lat' dir='ltr'> </span> 
     </span>
    </p>
   </div>
  </div>
 </body>
</html>
