2126 3642
200 175 254 277 na
449 211 486 266 r.
521 211 618 268 arv
634 213 679 270 11

197 300 287 351 urbem
304 306 456 368 paterentur,
473 301 586 352 omnium
602 303 737 368 nerninem,
754 307 957 374 preterini&

197 375 323 438 maehum,
351 379 442 429 movit.
477 380 613 430 morituros
639 379 663 429 se
686 381 840 436 affirmabant
866 389 953 456 citius,

196 461 280 524 quarn,
299 455 409 504 immixti
429 456 539 519 Bruttiis,
555 457 582 506 in
603 457 696 509 alienos
716 459 786 526 ritus,
806 479 898 528 morea,
915 466 954 514 le·

84 567 94 592 ,
175 529 296 602 pesque,
313 543 417 581 acmox
435 531 545 595 linguam
559 533 637 583 etiam
652 545 818 587 verterentur.
854 541 953 590 Aristo-

194 608 298 662 machus
310 623 382 672 unus,
400 609 500 675 quando
509 625 555 660 nee
567 609 692 664 suadendo
704 613 734 664 ad
746 613 900 667 deditionem
912 617 951 668 sa·
1034 607 1036 630 ¹

193 687 227 739 tit
239 685 347 750 valebat,
365 701 420 750 nec,
436 685 497 736 ficut
513 687 601 738 urbem
618 689 769 756 prodiderat,
789 694 873 744 locum
889 711 950 761 pro·

186 761 281 816 'denda
292 763 355 812 arcis
365 761 520 827 inveniebat,
530 763 663 829 transfugit
673 763 705 816 at
717 769 875 818 Hannonem.
895 773 949 821 Lo·
1036 789 1037 804 t

193 841 291 894 erensee
301 841 374 892 brevi
386 841 440 910 post
451 841 536 906 legati,
547 851 625 909 'quum
638 845 754 911 permiisu
766 849 897 912 Hannonis
908 863 949 899 ar·
999 857 1003 862 '

188 933 250 970 eem
262 915 395 981 iutr‘ail'ent,
408 918 561 986 persuadent,
572 930 601 970 ut
613 919 709 970 traduci
720 919 891 975 ieinLocros
902 940 948 992 pa·
1037 967 1038 994 ,

193 1005 315 1060 tenentur,
333 1011 380 1046 nec
391 995 477 1046 ultima
488 995 597 1062 experiri
609 997 710 1047 velient.
745 1000 801 1064 Jam
813 1000 863 1050 boe
876 1011 905 1050 ut
915 1001 948 1050 fi»
1037 997 1038 1006 ’

192 1076 222 1128 bi
238 1076 332 1138 liceret,
350 1077 544 1143 impetraverant
562 1075 587 1126 le
605 1076 636 1124 ab
654 1077 802 1143 Hannibale,
819 1079 894 1131 miliia
912 1081 947 1133 ad

191 1153 276 1222 ipsunt
291 1155 389 1219 legatia.
410 1153 445 1202 ita
465 1155 577 1204 Crotone
594 1153 720 1206 exoeiiurn
740 1158 781 1220 est,
798 1155 947 1224 dedutiique
1015 1161 1018 1165 '
1038 1143 1039 1194 i

192 1234 349 1286 Crotoniatae
368 1231 399 1281 ad
414 1247 483 1284 mare
501 1247 578 1282 naver
597 1233 774 1285 conscendunt.
808 1237 905 1288 Locros
916 1252 947 1288 o·

192 1312 259 1362 mnis
271 1309 406 1360 multitudo
417 1309 519 1359 abeant.
554 1313 584 1361 iu
597 1312 689 1378 Apulia
706 1327 737 1362 ne
754 1313 832 1364 hierna
844 1315 946 1381 quidem

191 1390 278 1456 quieta
288 1389 354 1438 inter
366 1391 491 1438 Romanor
502 1398 577 1454 atque
589 1389 755 1439 Hannibalem
766 1399 827 1441 erat.
862 1395 946 1445 Luce·

191 1468 237 1519 ria
249 1466 407 1533 Sempronius
425 1464 519 1530 consui,
537 1465 663 1516 Hannibal
680 1467 745 1517 baud
763 1469 850 1534 procul
869 1471 947 1538 Arpis

191 1543 350 1596 hibernabat.
385 1546 454 1593 Inter
463 1557 509 1594 eos
524 1543 592 1594 levia
605 1545 689 1612 proelia
700 1557 733 1595 ex
742 1546 882 1612 occasione,
899 1558 946 1601 aut
1040 1566 1041 1588 i

190 1622 380 1690 opportunitate
390 1619 464 1684 hujus
477 1629 522 1669 aut
538 1620 603 1670 illiue
613 1621 699 1687 ,partin
716 1622 873 1673 oriebantur:
890 1638 945 1674 me·

190 1702 290 1768 iiorque
307 1701 342 1749 eir
361 1702 497 1763 Romanus,
515 1697 541 1749 ἃ
551 1697 580 1748 in
594 1696 646 1749 dier
662 1699 760 1751 cautior
770 1701 899 1768 altiorque
909 1703 945 1755 ab

192 1779 287 1832 insidiis
299 1779 384 1830 fiebat.

226 1861 275 1910 lv.
295 1861 325 1909 lu
340 1857 421 1908 Sicilia
438 1856 557 1910 Romania
568 1855 653 1907 mnnia
664 1865 805 1907 nutaverat
815 1872 883 1908 mora
895 1858 943 1909 Ht-

190 1939 283 2004 eronis,
308 1951 462 2005 regnumque
486 1934 518 1984 ad
540 1935 727 2001 Hieronymum
750 1948 867 2004 nepotem
888 1938 945 2002 eju·

191 2019 354 2082 transsatum:
373 2031 487 2085 puerum,
504 2007 612 2066 viadum
628 2013 776 2078 libertatem,
794 2015 885 2066 nedum
897 2015 943 2068 du·

190 2099 366 2162 minationem,
383 2093 480 2146 modici
490 2094 606 2142 laturum.
641 2095 709 2142 Late
721 2091 747 2143 id
762 2094 890 2159 ingenium
902 2106 944 2146 tu.

190 2188 260 2230 toret
275 2185 350 2242 atque
367 2174 442 2224 amini
459 2171 489 2221 al
508 2169 713 2240 praedpitaudum
730 2171 759 2221 in
774 2173 862 2222 omnia
879 2174 945 2224 vitia

191 2263 357 2322 aeceperunt:
375 2267 429 2318 quae
446 2251 480 2299 'aa
495 2249 579 2300 sutura
590 2265 691 2302 cernens
703 2251 790 2311 Hiero,
806 2253 895 2302 ultiml
906 2253 945 2304 se·

190 2331 262 2386 natta
273 2328 376 2382 voluisse
393 2329 484 2380 dicitur
494 2328 582 2380 liberas
593 2329 732 2396 Syracusae
749 2331 894 2396 relinquere,
911 2347 945 2384 ne

186 2411 239 2464 {ub
260 2409 389 2460 dominatu
408 2407 506 2474 puerili,
529 2423 574 2474 per
593 2407 740 2473 ludibrium,
754 2409 829 2459 bonis
842 2410 945 2464 artibus

184 2497 291 2556 ,partum
301 2487 474 2548 firmatumque
486 2485 599 2535 interiret
611 2501 725 2552 regnum.
760 2487 826 2536 Huic
838 2487 944 2540 consilio

146 2603 149 2608 -
189 2566 245 2631 ejus
259 2563 355 2614 summu
373 2577 421 2628 ope
438 2561 555 2614 obstitere
573 2563 638 2628 filiae,
655 2565 859 2628 nomen-regium
869 2579 946 2631 penne

191 2657 298 2714 puerum
309 2641 420 2691 futurum
432 2650 499 2704 ratae,
518 2643 627 2706 regimen
645 2657 728 2692 rerum
743 2643 857 2694 omnium
868 2655 945 2710 penes

191 2723 218 2774 se
231 2717 346 2784 virosque
358 2717 423 2781 tuos,
441 2716 652 2771 Andranoclorum
663 2717 836 2788 &Zoippumz
854 2735 912 2770 nam
924 2721 944 2773 ii

190 2811 306 2852 tutorum
318 2798 391 2860 primi
400 2795 610 2862 relinquebantur.
646 2801 705 2852 Non
717 2797 790 2847 facile
801 2809 855 2848 etot
864 2809 954 2850 nouae·

192 2877 310 2946 gelianum
325 2874 377 2938 jam
392 2876 478 2940 agenti
493 2891 595 2940 annum,
612 2875 767 2926 circumsesso
785 2878 836 2928 dies
847 2877 945 2929 nottes-

191 2970 243 3023 que
259 2951 419 3002 muliebribus
432 2951 564 3016 blanditiis,
582 2953 687 3002 liberare
705 2955 826 3016 animum,
843 2953 869 3004 ἃ
880 2969 944 3005 eon.

192 3039 292 3087 vertere
308 3027 340 3084 ad
355 3027 482 3098 publicam
497 3028 599 3098 privata
615 3041 710 3088 euram.
744 3031 834 3099 ltaque
846 3038 945 3160 tutore

190 3121 194 3129 ’
215 3123 217 3128 “
270 3121 274 3128 ’
557 3131 560 3136 ·
854 3119 905 3162 mi)
