2076 3612
386 234 409 286 L
426 239 440 286 1
456 239 474 286 B
491 235 513 286 E
530 237 552 287 R
587 239 636 287 IX.
849 256 881 302 ⁴³

118 341 190 374 mune
197 323 295 392 juffisl'ess
315 325 339 373 id
347 326 386 389 jus
403 335 516 392 ratumque
528 325 589 391 estin
605 343 645 375 non
659 335 732 378 tomen
743 309 787 376 'aut
797 327 830 394 se,
848 335 887 378 our

123 417 203 451 eorum
213 419 350 470 quemquam,
368 406 403 469 qui
420 405 467 470 post
479 421 525 452 enm
539 404 606 472 legem
625 405 692 452 latam
708 405 775 454 creati
792 407 886 471 censeret

86 532 90 545 1
126 477 202 544 effert,
219 483 291 529 teneri
303 481 329 528 ed
339 481 385 547 lege
393 481 492 546 potuiffe.

168 560 295 605 XXXIV.
317 559 375 605 Haec
388 555 437 604 sine
451 557 522 604 ullius
539 553 631 604 assensu
647 555 779 606 cavillante
793 559 883 624 Appio,

131 633 178 694 En,
194 633 286 699 inquit,
305 636 414 700 Quirites,
432 633 488 683 illius
496 635 568 699 Appii
580 635 701 699 progenies,
718 636 762 700 qui,
774 636 884 684 decemvir

132 710 157 758 in
167 727 243 759 annum
255 722 348 773 creatus,
366 711 433 760 altero
444 727 498 760 arene
506 713 532 776 se
549 711 593 775 ipse
603 711 704 760 creauit:
721 714 791 776 tertio,
809 710 883 760 neceb

123 787 161 852 se,
178 801 214 834 nec
225 786 251 836 ab
261 789 303 837 ullo
314 797 405 850 creatus,
422 789 525 853 privatus
531 787 604 853 fasces
615 788 642 837 dr
656 790 769 854 imperium
784 789 881 838 obtinuit.

133 880 171 911 rec
180 870 230 913 ant'e
241 867 379 915 continuando
390 865 471 929 obstitit
482 865 617 932 magistratu,
634 869 698 932 quim
714 869 823 918 obruerent
834 884 883 916 eum

132 939 188 987 mah
197 949 273 1004 parta,
290 941 347 989 male
353 939 426 1006 gesio,
443 940 500 988 male
510 949 593 990 retenta
605 941 706 1006 imperia.
740 945 791 992 Her
802 941 830 1004 ejl
845 957 882 988 ee-

133 1017 182 1065 dem
189 1017 289 1081 familia,
308 1020 414 1084 Quirites,
432 1019 491 1082 cujus
505 1019 531 1065 vi
543 1025 604 1082 atque
622 1019 706 1080 injuriis
722 1017 827 1082 compulsi,
845 1034 882 1066 ex-

134 1103 205 1143 torres
215 1097 297 1160 patrid‚
307 1100 394 1144 Sacrum
407 1105 501 1144 montem
514 1093 619 1158 cepistis:
636 1094 684 1155 bec,
701 1095 802 1158 oduerfies
821 1109 884 1158 quam

132 1169 271 1220 tribunicium
286 1174 387 1222 auxilium
405 1170 467 1220 vobis
482 1169 620 1231 conparestis
630 1187 639 1217 :
655 1169 703 1232 hee,
717 1179 884 1235 propterquam

132 1249 172 1298 duo
183 1251 287 1298 exercitus
298 1251 438 1308 Aventinum
450 1246 569 1314 insedistls:
587 1245 634 1311 bec,
646 1263 688 1312 que
693 1247 801 1311 funebres
811 1248 883 1313 legesj

133 1328 179 1392 bec,
197 1344 240 1392 qne
248 1331 348 1394 agrarias
354 1330 444 1394 semper
452 1326 607 1392 impugnavit:
624 1327 664 1374 bec
679 1327 777 1376 connubia
788 1329 882 1376 Petrum

132 1405 235 1471 &plebis
248 1407 380 1474 interrupit:
399 1407 438 1455 bec
448 1405 504 1472 plebi
516 1406 544 1454 nd
553 1405 634 1454 curules
645 1405 782 1473 magistratus
793 1409 837 1456 iter
845 1405 881 1454 ob-

127 1485 213 1550 seint:
233 1484 271 1534 boc
290 1485 320 1549 est
337 1502 412 1536 nomen
431 1485 504 1544 multo,
520 1486 584 1550 qua'm
596 1485 767 1549 Tarquiniorum,
784 1485 881 1550 infestius

132 1563 206 1626 vestre
216 1563 322 1612 libertati.
357 1566 421 1614 Itane
438 1563 531 1624 tandem,
549 1562 597 1627 Ap.
620 1562 703 1623 Claudi,
718 1579 781 1629 quum
793 1561 880 1627 centest·

131 1640 178 1689 rm'es
189 1642 241 1704 jam
253 1656 321 1688 annus
330 1639 361 1705 fit
377 1639 402 1689 ab
414 1642 494 1689 Mam.
514 1641 607 1690 AErnilio
618 1642 728 1702 dilictore,
744 1650 776 1690 tot
787 1643 880 1708 censores

127 1717 223 1781 suerint,
246 1715 365 1782 nobilifflmi
377 1717 529 1782 fortifflmique
540 1717 595 1780 viri,
612 1733 672 1766 nemo
683 1733 754 1766 earum
771 1718 881 1766 duodecim
966 1765 971 1772 ,

132 1793 214 1844 tabulas
225 1795 302 1858 legit?
318 1811 379 1844 nemo
390 1787 413 1843 id
416 1796 455 1860 jus
470 1793 516 1861 effi,
533 1796 587 1860 quod
594 1797 701 1860 postremi
707 1796 797 1861 populus
805 1796 879 1862 juffif-

125 1873 169 1939 set,
181 1872 277 1936 sciuit?
312 1875 383 1921 Immo
394 1875 448 1920 verb
465 1888 535 1921 omnes
542 1873 671 1936 sciverunt;
689 1872 716 1920 dr
728 1873 772 1919 ideo
784 1871 881 1923 AEmilie

129 1948 201 2013 potitis
211 1947 256 2014 legi
267 1957 392 2013 paruerunt,
409 1949 474 2014 quim
486 1948 518 1996 illi
529 1951 623 2012 antique,
634 1947 675 2010 qud
681 1946 778 2010 primum
790 1949 881 2010 censores

131 2025 197 2072 creati
207 2031 277 2082 mant,
285 2025 334 2090 quia
343 2023 395 2073 bane
401 2019 717 2090 postremamjufferatpopulus
725 2036 734 2066 .·
743 2019 770 2068 dr
780 2021 837 2086 quia,
847 2021 882 2072 ubi

131 2101 291 2160 duecontrnric
303 2101 358 2168 leges
363 2105 422 2168 fient,
425 2105 514 2168 semper
522 2103 610 2168 antique
621 2099 708 2166 obrogat
719 2114 785 2148 nova.
796 2099 835 2148 An
845 2098 883 2149 boc

130 2179 194 2242 dicis,
211 2179 287 2244 Appi,
303 2195 344 2227 non
360 2181 428 2228 teneri
439 2179 534 2228 AEmilib
544 2179 591 2245 lege
598 2177 724 2244 populum?
741 2194 768 2225 on
776 2176 882 2244 populum

130 2258 208 2326 teneri,
225 2265 247 2304 te
258 2274 323 2306 unum
338 2258 432 2323 exlegem
444 2257 504 2322 effic?
540 2258 619 2306 Tenuit
628 2257 722 2306 AEmilia
732 2256 766 2306 lex
778 2256 881 2306 violentos

129 2332 176 2381 illos
187 2333 288 2397 censores,
306 2335 332 2381 C.
351 2333 443 2382 Furium
461 2334 488 2384 dr
506 2333 549 2381 M.
566 2335 705 2400 Geganium
721 2333 764 2399 qui,
781 2334 831 2399 quid
841 2333 880 2396 iste

131 2410 273 2476 magistratus
284 2412 305 2458 in
316 2409 424 2475 republica
437 2411 488 2458 mab
495 2411 572 2475 facere
580 2409 653 2476 peffet,
663 2411 797 2459 indicdrunt:
807 2427 879 2476 quum,

130 2487 166 2534 ird
184 2488 251 2550 finito
268 2486 388 2552 potestatis,
413 2489 494 2536 Manu.
515 2487 641 2548 AEmilium,
668 2487 789 2553 principem
810 2489 880 2538 etatis

124 2566 170 2630 fise
183 2564 229 2613 belli
240 2565 345 2630 domique,
361 2565 460 2614 erarium
472 2566 593 2628 fecerunt:
609 2567 679 2614 tenuit
695 2566 792 2631 deinceps
808 2582 879 2618 omnes

129 2643 222 2706 censores
233 2645 291 2698 intra
308 2651 393 2690 eentum
409 2643 634 2708 annorumspotium:
652 2651 707 2691 tenet
723 2645 749 2694 G,
768 2643 885 2698 Plautium,

127 2721 229 2786 collegam
245 2729 314 2783 tuum,
332 2721 406 2786 iistdem
423 2721 530 2787 auspiciis,
548 2721 619 2770 endem
634 2721 684 2787 jure
700 2725 804 2770 crentnmi
837 2723 879 2772 Art

129 2797 182 2846 bunc
193 2814 242 2854 nnn,
260 2807 284 2845 ut
295 2797 331 2862 qui
345 2799 424 2861 optimo
426 2799 478 2862 jnre
488 2799 557 2864 censor
568 2805 654 2846 creatus
662 2799 718 2864 effer,
732 2800 821 2865 populus
830 2815 877 2848 cre-

128 2877 202 2924 auit?
219 2885 242 2924 tu
253 2890 308 2924 unus
322 2877 412 2924 eximius
427 2893 456 2937 es,
473 2879 543 2942 inquo
557 2877 594 2924 boc
603 2879 731 2942 precipuum
740 2895 765 2926 oc
770 2877 879 2944 fingulare

128 2953 224 3000 voleat?
259 2957 334 3018 struem
343 2962 368 3025 tu
374 2969 446 3019 regem
449 2955 603 3020 sacrificiorum
614 2970 679 3017 crees,
696 2955 805 3020 amplexus
816 2955 879 3019 regni

125 3045 214 3094 numen,
230 3031 298 3098 utqui
316 3032 395 3098 optimo
403 3033 456 3096 jure
472 3034 682 3084 reilluminatus
691 3033 730 3100 stt,
746 3041 842 3082 creaturi
850 3034 897 3095 se.

796 3107 876 3160 dicct?
