2058 3642
307 201 332 254 L
349 201 362 252 1
379 199 399 251 B
414 197 438 254 Ε
453 197 477 250 R
511 199 628 252 XXVII.
795 201 849 272 5πίῚ
867 261 870 268 Α

94 305 132 345 ro
145 286 286 358 congrell‘us
297 292 401 355 vicerat,
419 288 547 356 virtusque
558 301 619 355 erat,
636 297 673 357 nt,
690 300 748 340 cunr
760 287 857 362 eodem,

94 371 115 420 si
133 371 301 422 dimicandum
317 369 392 434 soret,
410 385 455 420 nec
471 367 546 436 spem,
563 383 609 418 nec
624 377 719 426 metum
731 381 764 416 ex
780 381 850 416 rano

95 448 219 510 haberet;
237 451 272 499 ita
284 448 381 498 duobus
392 446 534 498 consulibus
540 445 733 511 ,haudquaquam
744 445 794 496 sese
805 449 851 512 pa'·

94 537 152 574 rem
162 523 275 576 futurum
286 525 412 589 credebat.
431 525 522 592 itaque,
539 532 607 574 totus
618 524 644 573 in
657 521 710 578 suas
719 534 782 574 artes
791 536 850 572 ver-

96 600 147 664 sus,
166 602 257 652 infidiis
265 603 348 656 locum
362 602 509 668 quaerebat„
530 600 610 652 laevia
625 605 707 650 tamen
717 601 802 669 proelia
811 601 850 650 in-

96 687 138 728 ter
149 679 209 729 bina
218 680 293 730 castra
302 681 375 732 vario
384 689 477 730 eventu
485 678 594 732 fiebant:
613 678 702 745 quibus
714 693 793 744 quum
804 691 851 730 ex·

60 779 65 788 ·
95 758 165 807 trahi
173 759 279 813 aestatem
289 758 356 825 posse
365 756 476 808 consules
486 755 621 822 crederent,
633 757 794 818 nihilominus
804 771 852 824 op.

94 835 205 900 pugnari
215 837 311 886 Locros
320 833 387 903 posse
396 835 451 899 rati,
469 835 500 884 L.
512 833 609 896 Cincio,
625 844 654 884 ut
665 849 697 884 ex
706 833 787 884 Sicilia
797 835 850 884 Lo·

95 925 153 964 cros
170 929 227 964 curn
242 913 313 964 classe
327 913 461 978 trajiceret,
479 912 598 962 scribunt.
634 915 675 977 Et,
692 922 721 973 ut
739 913 771 964 ab
786 923 852 962 terra

68 1007 74 1020 ¹
94 1001 198 1054 quoque
210 991 350 1058 oppugnari
361 990 452 1042 moenia
464 987 569 1058 pollent,
585 989 619 1040 ab
631 992 745 1040 Tarento
754 986 852 1056 partem

95 1068 231 1132 exercitus,
249 1070 292 1134 qui
302 1069 327 1120 iu
337 1067 448 1136 prasidio
459 1079 520 1132 erat,
537 1067 595 1118 duci
605 1069 635 1116 eo
647 1066 778 1130 jusserunt.
814 1067 852 1116 Ea

93 1146 132 1194 ita
143 1144 228 1196 sutura
235 1162 277 1214 per
286 1146 405 1214 quosdam
414 1147 544 1196 Thurinos
553 1155 709 1214 compertum
719 1144 851 1200 Hanniba

97 1222 207 1288 liquurn
218 1223 290 1289 esset,
307 1226 387 1276 mittit
405 1225 436 1276 ad
446 1223 595 1276 irridendam
604 1225 636 1275 ab
647 1227 761 1275 Tarento
770 1224 851 1274 viam·

94 1299 133 1350 ibi
153 1301 199 1352 sub
209 1305 313 1374 ,tumulo
331 1305 429 1355 Petelia
446 1306 494 1356 tria
510 1303 588 1354 millia
600 1304 721 1370 equitum,
738 1301 852 1372 peditum

94 1377 147 1430 duo
159 1383 185 1440 in
197 1384 298 1434 occulto
310 1383 406 1434 locata:
424 1383 450 1434 in
463 1399 517 1450 qua
528 1384 688 1450 inexplorato
704 1394 790 1434 euntes
801 1386 852 1433 Ro·

94 1460 164 1508 mani
174 1476 251 1526 quum
262 1460 408 1527 incidissent,
425 1461 457 1512 ad
469 1462 521 1512 duo
530 1463 606 1512 millia
618 1473 771 1512 armatorum
781 1459 852 1526 casa,

94 1533 122 1584 Sc
130 1535 196 1584 mille
205 1536 304 1586 ducenti
319 1538 396 1588 ferme
407 1539 464 1589 vivi
473 1540 549 1605 capti.
567 1539 609 1596 alii
619 1537 723 1606 diffipati
733 1537 793 1605 sugd
805 1552 851 1605 pet·

94 1625 169 1674 agros
181 1611 304 1678 saltusque
319 1619 457 1666 Tarentum
469 1616 571 1665 rediere.
593 1617 734 1666 .Tnmulus
746 1627 799 1666 erat
809 1615 850 1664 srl·

97 1689 186 1738 verris
199 1689 263 1738 inter
275 1691 368 1740 Punica
382 1692 534 1742 &Romana
549 1693 633 1755 castra,
650 1693 682 1742 ab
697 1695 790 1744 neutris
801 1695 852 1760 pri·

94 1769 139 1816 md
156 1761 309 1835 occupatus:
322 1761 386 1832 ‘quia
404 1769 521 1831 Romani,
543 1770 621 1834 qualis
640 1784 695 1836 pars
714 1772 776 1836 ejus,
795 1787 851 1837 quae

95 1852 212 1904 vergeret
221 1841 252 1890 ad
268 1843 374 1892 hostium
386 1843 474 1906 casira,
487 1841 554 1906 e‘lset,
572 1843 734 1906 ignorabant5
753 1845 851 1895 Hanni-

95 1917 137 1968 bal
151 1917 250 1981 insidiis,
268 1921 441 1984 quamcallria,
458 1921 581 1986 aptiorem
593 1935 649 1970 eum
665 1919 809 1972 crediderat.
828 1921 850 1970 i·
864 1929 870 1934 ’

94 2004 170 2060 ta'que
188 1996 258 2046 nodie
275 1997 307 2046 ad
324 1997 349 2046 id
366 1997 447 2048 missas
464 1999 561 2064 aliquot
571 1997 736 2046 Numidarum
754 2009 849 2050 turmas

94 2073 178 2123 medio
191 2075 216 2124 in
228 2073 291 2124 saltu
308 2071 461 2138 condiderat,
478 2090 586 2142 quorum
598 2067 706 2124 interdiu
723 2090 799 2126 nemo
816 2075 850 2126 ab

95 2153 200 2202 statione
209 2153 369 2216 movebatur,
386 2169 417 2202 ne
429 2164 558 2216 autarma,
576 2163 619 2202 aut
634 2153 640 2201 i
644 2153 678 2220 psr
688 2153 776 2220 procul
787 2169 848 2206 con·
867 2207 872 2214 ,

94 2229 257 2298 spicerentur.
284 2232 430 2281 Fremebant
440 2231 518 2294 vulgo
527 2231 555 2308 in
572 2231 652 2280 castris
663 2231 791 2295 Romanis,
803 2247 848 2282 oc·

94 2310 237 2377 cupandum
248 2326 306 2360 eum
322 2311 445 2361 tumulum
457 2309 513 2375 etse,
531 2309 556 2360 dc
568 2310 664 2362 eallello
682 2309 848 2363 firmandum:

95 2399 134 2447 nc,
150 2385 167 2434 sr
180 2387 316 2454 occupatus
328 2387 360 2438 ab
375 2387 515 2437 Hannibale
530 2385 605 2447 soret,
622 2387 692 2436 velut
707 2387 731 2452 in
744 2388 849 2438 cervici·

95 2459 141 2510 bus
158 2462 276 2512 haberent
291 2465 394 2516 hostem.
430 2466 518 2516 Movit
535 2480 565 2514 ea
582 2480 621 2514 res
637 2463 794 2529 Marcellum,
820 2467 847 2520 ee

94 2537 202 2601 collega,
217 2541 267 2604 qaia
283 2542 348 2604 imus,
366 2543 455 2608 inquit,
473 2543 514 2610 ipsi
530 2560 579 2612 cum
598 2543 700 2612 equitibus
713 2536 790 2611 paucis
807 2563 847 2598 er·
922 2601 940 2616 ,

91 2615 222 2684 ploratur?
257 2614 354 2680 Suljeua
364 2635 399 2668 res
410 2622 473 2670 oculis
482 2623 556 2685 nostris
567 2625 645 2673 certius
658 2622 717 2672 dabir
728 2623 845 2689 confilium.
920 2618 926 2624 ’

16 2711 20 2724 ·
97 2692 271 2744 consentiente
290 2695 412 2763 Crispino,
431 2713 488 2748 cum
500 2699 623 2763 equitibus
636 2701 748 2750 ducentis
766 2702 791 2752 dc
807 2703 846 2754 vi·

96 2771 166 2838 giuti,
184 2787 217 2823 cx
229 2772 321 2838 quibus
331 2773 493 2840 quadraginta
505 2779 649 2842 Fregellani,
662 2780 737 2830 ceteri
748 2780 846 2831 Etrusci

94 2862 169 2914 erant,
188 2850 389 2919 proficiscuntur.
424 2855 506 2906 secuti
525 2859 564 2905 M.
584 2857 716 2910 Marcellus
738 2859 847 2920 consulis

95 2926 166 2991 filius,
184 2929 209 2978 ἃ
222 2932 255 2980 Δ.
273 2930 391 2996 Manlius,
408 2932 503 2984 tribuni
522 2934 648 2986 militum:
673 2935 742 2986 simul
756 2938 781 2987 ἃ
792 2936 845 2991 duo

96 3005 202 3080 professi
216 3005 320 3082 socium,
338 3011 370 3064 L.
382 3012 515 3081 uruntur,
530 3012 555 3067 dt
567 3015 606 3068 M.
618 3013 715 3068 Aulius
748 3017 842 3148 ingran-

193 3122 196 3134 ·
817 3107 834 3152 θ
