2076 3612
197 227 216 292 λ
457 227 493 276 Τ.
528 225 684 276 L1v11

199 322 299 364 centem
309 312 402 364 molem
414 311 540 362 invenere.
552 323 630 378 quum
638 307 710 362 stans
721 310 813 362 hostilis
824 309 950 382 apparuis·

198 387 244 451 set,
261 387 398 454 praesidium
408 389 486 438 etiam
499 391 525 440 in
537 389 633 440 summo
645 391 707 440 saltu
719 389 879 458 conspicitur.
907 395 949 444 ci·
1021 427 1022 440 r

198 464 246 514 tati
257 464 315 516 inde
325 473 401 537 retro,
419 464 469 530 qus
481 476 609 528 venerant,
626 476 732 532 pergunt
749 476 859 534 repetere
871 469 948 520 viam.
1021 483 1022 502 ³

105 555 138 584 ·.
199 555 254 592 eam
271 557 372 607 quoque
390 540 497 590 clausam
517 541 560 592 sus
578 543 651 592 obice
669 541 795 608 armisque
809 545 949 604 inveniunt.
1021 549 1022 584 i

197 618 282 684 sssttrnt
292 618 349 670 inde
361 619 465 684 gradum
476 618 526 668 sine
546 619 620 668 ullius
631 620 753 685 imperio:
772 621 902 688 stuporque
919 639 948 672 o·
1021 647 1022 650 ¹

197 697 295 748 mnium
306 698 411 760 animos,
421 713 451 746 ac
465 697 535 746 velut
546 707 634 764 torpor
641 695 742 761 quidam
751 697 862 748 insolitus
872 713 949 748 mem·

197 773 243 826 bra
254 784 336 824 tenet:
352 773 524 839 intuentesque
536 774 578 824 alii
589 775 651 823 alios
671 774 759 840 (quum
771 776 872 824 alterum
882 772 948 840 quis·
1021 829 1022 832 Ἴ

197 866 248 918 que
259 861 402 917 compotem
413 851 493 916 magis
510 851 599 900 mentis
616 865 645 899 ac
657 850 749 900 confisis
761 850 888 916 ducerent)
904 851 948 900 diu

199 925 341 980 immobiles
359 927 436 976 slent.
471 925 568 978 Deinde
580 926 625 1000 ubi
636 929 748 998 praetoria
761 925 888 976 consulum
900 927 949 976 eri-

199 1005 228 1070 gi
239 1003 333 1068 videre,
344 1003 369 1054 ἀ
380 1003 498 1070 expedire
506 1003 626 1070 quosdam
637 1004 708 1053 utilia
718 1003 796 1070 operi,
806 1019 949 1070 quanquam

197 1080 307 1134 ludibrio
319 1080 374 1132 sore
384 1082 531 1145 munientes,
549 1080 650 1148 perditis
664 1080 737 1130 rebus
747 1095 776 1129 ac
788 1079 829 1147 spe
840 1081 910 1132 omni
921 1097 949 1130 a·

196 1157 305 1224 dempti,
317 1155 468 1217 cernebant,
488 1167 578 1218 tamen,
589 1171 620 1205 ne
632 1157 731 1222 culpam
742 1157 812 1206 malis
823 1156 948 1218 adderent,

196 1251 244 1305 pro
257 1235 280 1284 se
291 1233 401 1300 quisque,
426 1249 472 1284 nec
486 1234 601 1282 hortante
620 1234 672 1284 ullo
686 1250 733 1285 nec
750 1235 894 1301 imperante,
909 1233 949 1286 ad

194 1311 356 1364 muniendum
366 1308 435 1373 vers,
454 1309 529 1360 castra
539 1319 641 1375 propter
657 1325 749 1375 aquam
763 1312 831 1362 vallo
843 1311 949 1361 circum·

197 1385 278 1449 clant5
296 1386 338 1436 sua
347 1385 391 1452 ipsr
400 1401 475 1452 opera
491 1385 650 1449 laboremque
664 1386 761 1434 irritum
777 1387 950 1452 (preterquam

196 1465 264 1532 quod
282 1464 360 1516 hostes
374 1464 475 1531 superbe
487 1462 657 1528 increpabant)
674 1479 731 1513 cum
743 1463 877 1514 miserabili
884 1479 950 1515 'con-

195 1541 297 1596 sessione
308 1540 442 1593 eludentes.
477 1539 518 1590 Ad
529 1539 640 1590 consules
655 1542 759 1606 moestos,
780 1557 811 1591 ne
822 1544 950 1594 advocan-

197 1629 235 1672 tes
246 1620 347 1686 quidem
359 1621 384 1670 in
400 1619 535 1682 cumdium,
553 1619 662 1683 (quando
674 1633 720 1668 nec
731 1619 833 1669 consilio
847 1637 893 1670 nec
905 1638 950 1672 au·
1021 1667 1022 1674 ,

196 1699 261 1750 xilio
272 1699 341 1749 locus
353 1698 420 1765 esset)
437 1698 480 1748 sud
491 1695 578 1764 sponte
589 1695 665 1761 legati
677 1713 706 1746 ac
721 1697 816 1759 tribuni
827 1700 951 1748 conveni·

134 1823 137 1826 .
196 1776 259 1827 bnt:
277 1775 414 1843 militesque
424 1775 455 1825 ad
467 1773 610 1842 pretorium
621 1772 693 1838 versi,
709 1789 794 1842 opem,
810 1779 891 1840 quam·
902 1775 951 1826 vix

196 1853 242 1908 Dii
253 1854 405 1906 immortales
417 1853 480 1920 serre
492 1863 616 1921 poterant,
632 1852 665 1903 ab
679 1851 783 1903 ducibus
800 1850 950 1920 exposcunt.

196 1977 197 1980 ,
231 1933 282 1984 ΙΙΙ.
301 1938 440 1999 Querentes
456 1935 543 1998 magis,
560 1937 636 1999 quim
648 1930 822 1994 consultantes,
839 1944 892 1980 nox
904 1945 952 1996 op-

197 2011 287 2084 pressit.
306 2029 384 2082 quum
404 2029 450 2081 pro
470 2011 572 2076 ingenio
589 2009 693 2074 quisque
713 2005 861 2058 fremerent:
879 2006 951 2070 alius,

194 2101 240 2158 per
250 2089 316 2140 obices
328 2093 431 2151 viarum
448 2089 518 2149 alius,
532 2098 575 2152 per
590 2083 683 2148 adverſsr
697 2085 807 2142 montium,
821 2079 952 2147 pmfisvat,

197 2164 309 2230 qudferri
320 2175 383 2210 armn
390 2169 501 2226 poterant,
518 2175 600 2208 eanum.
634 2159 708 2206 Madd
718 2157 748 2206 ad
758 2155 834 2220 bostem
842 2158 952 2221 perverti-

197 2239 304 2302 reticeat,
321 2255 383 2304 quem
398 2248 442 2304 per
460 2251 524 2285 anmr
537 2236 587 2301 jam
601 2245 671 2300 prope
687 2235 777 2300 triginta
788 2234 908 2295 vincimen
926 2248 952 2284 o·

197 2315 258 2367 mma
269 2330 324 2380 equa
333 2315 361 2364 da*
369 2314 436 2380 plana
447 2319 509 2360 erunt
514 2312 617 2374 Romam,
629 2311 652 2358 ln
659 2311 766 2380 perfidum
778 2310 897 2360 Samnitem
905 2323 952 2377 pu-

195 2397 283 2463 gnanti.
301 2392 371 2455 alius,
389 2393 446 2456 Qud,
465 2397 503 2438 aut
519 2390 561 2454 qud
578 2387 673 2436 eamus?
708 2392 774 2436 Num
786 2397 866 2438 montes
878 2389 952 2440 mosri

193 2469 294 2538 [edesus
302 2467 428 2534 paramur?
462 2467 526 2514 Dum
542 2463 583 2512 hcc
600 2461 739 2514 imminebunt
749 2466 814 2532 juga,
831 2467 872 2531 qun
883 2473 908 2514 tu
922 2466 954 2519 ad

200 2546 394 2614 hostcmuvmiet?
428 2543 531 2606 Armati,
548 2542 648 2604 inermes,
659 2542 741 2606 sortes,
764 2543 848 2609 ignem,
855 2544 953 2614 pariter

200 2637 272 2677 omnes
283 2621 342 2687 capti
359 2629 422 2687 alque
432 2618 487 2668 villi
499 2621 583 2686 firmus.
618 2621 659 2667 Ne
664 2618 754 2682 ferrum
767 2619 850 2684 quidem
861 2616 892 2666 ad
900 2617 954 2668 bene

200 2697 333 2750 moriendum
344 2695 490 2760 ollarumest
504 2695 581 2760 basiis:
594 2696 670 2760 sedens
680 2693 755 2745 sellum
766 2697 869 2760 conficiet.
903 2697 954 2748 Hic

200 2778 228 2838 in
240 2777 323 2828 vicem
334 2773 494 2844 sermonibus,
512 2778 560 2840 qud
572 2772 630 2837 cibi,
647 2777 696 2839 qud
710 2774 797 2838 quietis
809 2774 953 2840 immemor,

202 2870 257 2916 nox
268 2853 378 2906 tradusla
389 2855 431 2906 est.
466 2856 505 2905 Ne
517 2852 665 2908 Samnitibus
674 2841 776 2918 quidem
787 2851 915 2908 confilium
924 2854 953 2906 in

202 2944 255 2986 tarn
266 2934 327 2984 laetis
347 2932 491 3004 suppetebat
507 2932 588 2982 rebus.
607 2933 689 2998 itaque
704 2928 812 2980 universi
827 2933 953 2984 Herenni-

123 3015 124 3018 ’
203 3027 248 3073 run
265 3013 392 3084 sonuum,
407 3022 504 3087 patrem
520 3011 683 3082 imperatorie,
700 3025 745 3080 per
762 3008 951 3126 literaslcopsu-
974 3068 978 3071 ,

829 3105 837 3123 .
857 3089 888 3126 en
906 3091 951 3128 um
