2058 3642
166 283 215 338 542
432 267 662 322 ·r.r.tv11

161 373 237 429 quam
249 361 318 414 Nero
330 361 440 428 vestigiis
453 363 527 413 hellis
538 361 681 413 abstiterat:
699 360 725 413 dc
741 364 778 428 Q.
790 361 931 424 Fulvium,
1027 397 1028 412 r

162 455 241 507 quum
258 443 436 509 Metapontum
454 441 507 510 ipse
525 440 731 509 proficisceretur,
750 442 779 490 in
794 443 929 503 Lucanos,

160 531 193 568 ne
202 517 274 583 regio
285 533 314 570 ca
328 519 378 570 stne
390 519 502 588 praesrdio
514 517 579 582 effer,
596 518 743 568 arcessierat.

194 595 295 645 XLIII.
316 599 385 647 Inter
396 597 449 646 haec
460 595 493 645 ab
505 595 666 658 Hasdrubale,
684 594 817 662 postquam
828 597 847 643 a
863 593 927 643 Pla-

159 671 250 723 eentiae
266 673 396 724 obsidione
404 672 523 733 abscessit,
540 681 649 738 quatuor
660 672 732 722 Galli
743 673 851 736 equites,
870 671 926 720 duo
1027 655 1028 684 ³

162 749 287 811 Numidae,
305 766 364 801 cum
381 751 458 802 literis
475 751 506 801 ad
519 751 684 801 Hannibalem
695 749 767 813 miffi,
784 765 868 814 quum
879 762 926 814 per

161 829 258 879 medios
269 829 350 880 hostes
362 841 442 881 totam
454 829 532 880 serme
542 829 726 894 longitudinem
738 828 819 877 ltalia
830 841 925 876 emen-

160 905 275 972 sess'ent,
293 908 354 959 dum
365 913 542 976 Metapontum
560 909 689 958 cedentem
700 906 871 970 Hannibalern
884 906 923 955 se·

161 997 282 1052 quuntur,
300 987 400 1038 incertis
417 988 547 1038 itineribus
563 989 704 1036 Tarentum
716 985 802 1048 delati,
818 984 924 1048 aragia
1027 1035 1028 1042 ,

162 1075 208 1133 per
227 1079 300 1132 agros
320 1065 508 1134 pabulatoribus
528 1065 657 1115 Romanis.
669 1062 701 1114 ad
723 1067 757 1127 Q·
781 1061 920 1112 Claudium

63 1137 68 1144 ¹
161 1153 341 1212 propretorem
353 1144 518 1194 deducuntur.
544 1145 608 1193 Eum
620 1143 702 1210 primo
713 1143 814 1192 incertis
825 1140 920 1206 impli-

162 1233 247 1272 cantes
258 1223 385 1290 tesponsrs,
397 1227 426 1273 ut
437 1233 518 1273 metus
529 1229 712 1272 tormentorum
723 1220 841 1270 admotus
853 1219 920 1269 sate·

160 1299 184 1349 ri
203 1315 264 1349 vera
282 1301 373 1363 coegit,
390 1300 552 1364 edocuerunt,
570 1301 651 1350 literas
668 1299 694 1348 se
709 1297 742 1347 ab
759 1293 919 1346 Hasdrubale

159 1376 192 1426 ad
204 1377 372 1427 Hannibalem
385 1376 459 1426 serre.
496 1380 560 1426 Cum
572 1377 602 1426 iia
613 1377 698 1440 literis,
715 1375 778 1424 licut
789 1385 869 1437 eraut,
884 1373 919 1423 si-

160 1455 250 1522 gnatis,
263 1459 293 1504 L.
308 1455 424 1520 Virginio
436 1455 540 1505 ttib'uno
553 1457 661 1506 militum
672 1453 779 1506 ducendi
789 1453 822 1504 ad
835 1455 918 1502 Clau-

159 1531 229 1582 diurn
242 1531 369 1582 consulem
382 1532 526 1582 traduntur.
542 1533 598 1584 duae
611 1533 682 1584 simul
693 1544 781 1582 turmae
793 1532 918 1581 Samniti-

159 1625 203 1663 um
217 1610 319 1680 praesidii
335 1611 407 1662 causi
418 1609 502 1661 milia.
521 1613 564 1679 qui
576 1613 620 1662 ubi
637 1613 668 1662 ad
680 1611 808 1663 consulem
825 1625 917 1679 perve-

160 1704 259 1756 nerunt,
270 1691 397 1760 literaeque
407 1691 475 1742 ledia
487 1705 531 1758 per
542 1691 700 1758 interpretem
713 1691 779 1754 sunt,
791 1691 818 1740 dc
829 1705 864 1740 ex
876 1705 918 1740 ca·

160 1773 239 1843 privis
251 1771 419 1841 percurbatio
430 1771 508 1834 lisia,
526 1781 581 1821 tum
596 1771 724 1835 Claudius,
741 1786 794 1821 non
809 1769 835 1820 id
852 1780 915 1820 tent·

160 1862 207 1919 pus
218 1849 264 1899 ell'e
275 1847 418 1918 reipublice
431 1858 505 1910 ratus,
524 1861 574 1914 quo
592 1847 698 1898 consiliis
709 1847 843 1898 ordinariis
854 1861 916 1914 pro-

159 1927 253 1978 vinciae'
258 1923 306 1977 suae
313 1925 418 1994 quisque
426 1923 515 1976 linibus
523 1941 566 1993 per
574 1925 698 1974 exercitus
710 1923 765 1974 suos
775 1940 832 1973 curn
845 1925 917 1975 holle

161 2005 283 2057 dellinato
294 2006 327 2058 ab
339 2008 425 2057 senatu
441 2006 534 2064 bellum
547 2011 651 2070 gereret,
668 2003 809 2054 audendum
819 2003 916 2069 aliquid

160 2083 333 2152 improvisum,
346 2085 511 2152 inopinatum,
528 2081 596 2148 quod
609 2075 714 2150 c'oepum
726 2097 776 2132 non
788 2083 920 2154 minorem

160 2161 228 2230 apud
240 2163 316 2226 cives,
334 2167 407 2228 quarn
424 2161 512 2222 helles,
528 2171 649 2210 terrorem
667 2159 767 2223 saeetet,
786 2170 915 2226 perpetra-

160 2250 215 2292 tum
227 2240 253 2288 in
264 2253 381 2304 magnam
392 2239 503 2290 laetitiam
514 2253 547 2288 ex
558 2253 651 2302 magno
661 2248 731 2288 metu
741 2247 851 2287 verteret
857 2257 864 2298 ς
882 2237 914 2288 li-

159 2317 218 2368 teris
231 2316 390 2368 Hasdrubalis
408 2321 516 2368 Romam
534 2317 565 2367 ad
582 2317 692 2367 senatum
704 2315 785 2379 miffis,
802 2315 873 2364 simul
885 2317 914 2368 de

160 2393 212 2464 ipse
222 2397 305 2468 Patres
318 2397 482 2463 conscriptos,
491 2396 550 2463 quid
560 2405 664 2464 pararet,
674 2395 770 2459 edocet,
787 2405 824 2456 ut,
833 2411 918 2461 quum.

109 2527 112 2532 ,
160 2473 190 2524 br
197 2473 301 2521 Umbria
313 2473 341 2522 se
349 2471 509 2524 occursurum
522 2474 659 2525 Hasdrubal
676 2473 746 2524 fratri
759 2471 856 2537 scribat,
874 2475 912 2524 le-

160 2550 262 2615 gionem
280 2554 294 2598 a
315 2553 401 2616 Capua
418 2553 527 2602 Romam
541 2553 672 2614 arcessant;
690 2552 811 2602 delesium
824 2556 913 2605 Roman

87 2623 89 2629 ’
161 2627 282 2685 habraam
301 2628 440 2678 exercitum
453 2630 576 2680 urbanum
588 2629 619 2679 ad
630 2629 747 2680 Narniam
756 2629 818 2678 holli
831 2646 912 2697 oppo-
984 2662 987 2670 ·

161 2714 230 2759 nant.
260 2708 320 2756 Haec
333 2703 428 2757 senatui
440 2705 540 2778 scripta.
570 2707 684 2758 Praemilii'
695 2708 754 2756 item
767 2722 811 2773 per
822 2723 916 2772 agrurn-

159 2785 312 2847 Larlnatem,
336 2785 516 2850 Marrucinum,
541 2788 701 2850 Frentanum,
724 2785 917 2851 Pratutianum,

160 2865 208 2932 qu’a
221 2863 359 2914 exercitum
378 2864 493 2916 duslurus
506 2874 566 2927 erat,
583 2874 612 2912 ur
623 2879 708 2913 omnes
721 2877 753 2911 ex
765 2863 831 2928 agris
841 2864 910 2913 urbi·-

160 2941 256 3010 busque
268 2951 421 2991 commeatus
432 2953 531 3008 paratos
543 2941 616 2991 militi
628 2941 659 2990 ad
671 2939 819 2991 vescendum
832 2942 857 2989 in
870 2942 909 2992 vi-

158 3010 200 3062 ar'n
212 3013 342 3080 deferrent,
360 3016 613 3085 equosJumentaque
629 3017 677 3065 alia
688 3015 864 3084 producerent,
882 3027 915 3068 uls

158 3089 334 3178 petriculosum
350 3093 418 3147 fellis
430 3089 503 3162 copia
515 3095 581 3168 ellit.
616 3093 672 3163 Ipse
682 3091 712 3143 de
726 3095 908 3144 totoexercitu

518 3185 523 3194 ’
807 3185 913 3222 cirrum.
924 3185 926 3189 ·
