2126 3642
174 242 230 304 m
431 235 469 290 T.
503 235 662 290 L1v'11

175 327 229 378 nire
242 325 339 392 jubent.
374 327 515 379 Multitudo
527 323 583 397 pa'rs
598 327 724 396 procurrit
739 328 768 381 in
785 331 850 397 vias,
868 342 934 403 par!

175 403 203 453 in
221 404 346 455 vestibulis
363 403 416 469 slat,
432 421 488 473 pars
508 421 541 457 ex
558 406 627 456 tellis
646 405 806 474 fenestrisque
822 411 932 486 prospe·

174 479 249 544 stant,
275 481 310 544 dt,
333 482 393 548 quid
412 485 448 534 tei
466 483 502 549 sit,
528 484 647 549 rogitmt.
676 483 769 534 Omnia
786 486 933 538 luminibus

174 557 306 623 collucent,
323 559 473 628 strepituque
484 561 557 610 vario
574 560 739 627 complentur.
756 565 847 614 annati
865 565 933 620 locis

173 633 315 702 patentibus
332 647 523 701 congregantur.
540 636 647 686 inermes
664 651 698 685 ex
718 636 833 706 Olympii
852 641 931 706 Jovis

175 711 270 780 templo
282 712 361 780 spolia
373 715 504 764 Gallorum
513 712 716 779 Illyriorumque,
732 714 801 764 dono
813 715 873 768 data
881 717 933 767 Hl-

174 790 246 840 eroni
263 795 278 839 a
297 789 392 858 populo
408 793 532 854 Romano,
557 790 656 855 fixaque
671 789 703 839 ab
720 805 760 854 eo,
783 791 931 860 detrahunt,

176 877 304 940 precanter
315 871 416 934 Jovcm,
427 879 456 918 ut
467 869 554 918 volent
563 869 686 935 propitius
693 869 802 934 praebeat
811 870 879 922 sacra
886 887 931 920 ar·

175 961 226 1012 ma,
244 961 292 1014 pro
303 948 391 1017 patria,
409 961 455 1014 pro
465 947 546 996 Derim
557 943 672 1007 delubris,
689 962 735 1013 pro
747 947 863 999 libertate
875 949 930 1000 sese

176 1025 339 1078 armantibus.
374 1029 433 1076 Haec
447 1039 545 1092 quoquc
562 1023 706 1087 multitudo,
724 1021 870 1077 stationibus
880 1043 929 1096 per

177 1105 302 1176 principes
319 1105 449 1169 regionum
467 1103 535 1154 urbis
553 1101 681 1170 dispositis,
705 1101 858 1168 adjungitur.
888 1110 929 1160 ln

176 1185 260 1236 Insula
271 1187 336 1235 inter
346 1195 426 1235 cetera
439 1181 631 1233 Andranodoruc
645 1181 759 1248 prandiis
773 1183 855 1234 firmat
866 1187 929 1236 hor·

177 1275 220 1314 rea
230 1263 338 1329 publica.
375 1263 466 1322 Locus,
484 1259 545 1309 saxo
557 1258 678 1323 quadrato
689 1257 779 1326 septus,
796 1272 872 1327 atque
886 1271 943 1334 ur·'¹
1041 1315 1042 1332 ,

178 1342 214 1392 eie
234 1341 261 1390 in
280 1337 382 1388 modum
400 1337 532 1400 emunitus,
550 1337 648 1404 capitur
666 1336 699 1385 ab
713 1338 855 1404 juventute,
872 1357 931 1408 quae

143 1408 147 1418 ¹
178 1415 289 1486 praesidio
299 1416 350 1480 ejus
361 1415 410 1464 loci
419 1414 537 1463 attributa
546 1425 607 1480 erat,
624 1415 776 1482 mittuntque
787 1420 891 1469 nuncios
901 1421 930 1472 in

178 1494 354 1558 Achradinam,
363 1494 454 1546 horrea
465 1491 665 1562 frumentumque
677 1495 703 1546 in
715 1493 811 1547 senatur
823 1498 928 1566 potesla-

179 1583 204 1626 te
216 1574 272 1624 esse.
311 1585 327 1600 ³
700 1569 705 1578 “

155 1671 158 1676 ’
211 1653 300 1702 xxti.
318 1651 387 1704 Luce
397 1651 475 1721 primi
484 1653 590 1722 populus
606 1653 685 1704 omnis
698 1663 805 1704 annatus
814 1653 928 1722 inermis·

177 1729 262 1800 quein
276 1730 442 1782 nchradinam
452 1731 483 1781 ad
499 1733 592 1782 curiam
598 1720 733 1781 convenit.
752 1731 788 1781 ibi
801 1737 847 1801 pro'
857 1737 925 1784 Con·

178 1809 331 1874 corditeara,
347 1824 401 1876 quae
412 1810 480 1860 ineo
492 1808 535 1859 sita
547 1810 603 1860 loco
614 1819 674 1870 erat,
691 1811 885 1877 exprincipibus
895 1825 926 1859 u·

177 1905 224 1942 nus
236 1891 337 1942 nomine
349 1889 478 1955 Polyaenus
491 1890 637 1940 concionem
649 1889 674 1938 n
686 1888 789 1939 liberam
802 1889 926 1951 &mode-

177 1981 257 2022 ratam
275 1969 375 2020 habuit:
394 1967 539 2018 Servitudinis
554 1967 730 2034 malignitatisque
740 1965 834 2017 domines
850 1979 929 2033 exper-

176 2055 220 2113 tos,
236 2048 340 2114 aduersus
354 2055 426 2096 notum
441 2045 522 2094 molum
537 2044 634 2092 irritatos
646 2041 693 2108 effe.
727 2043 844 2108 Discordia
853 2045 928 2094 civilis

176 2141 230 2196 quos
240 2127 342 2194 importet
359 2125 436 2190 clades,
453 2123 532 2190 oudiffl
548 2123 617 2190 magis
634 2123 649 2170 a*
665 2119 762 2187 patribus
779 2123 926 2188 Syracostmos,

136 2201 138 2208 '
177 2207 243 2272 quom
255 2206 310 2270 ipsos
320 2203 368 2252 uidi
385 2219 405 2252 e.
440 2203 515 2252 Arma
526 2201 580 2270 quid
593 2200 687 2266 impigre
701 2199 804 2265 ceperint,
820 2200 927 2250 laudare:

176 2283 248 2350 arogis
259 2282 403 2344 laudatorum,
414 2278 436 2344 fi
449 2288 594 2342 occulantur,
611 2275 651 2342 m'fi
661 2278 738 2326 ullirnd
748 2278 864 2343 receffltote
874 2291 926 2327 coo·-

176 2360 216 2411 rii.
238 2348 279 2410 ¹Iu
295 2361 406 2428 propitia
417 2359 496 2428 legatos
510 2357 539 2408 ad
554 2356 736 2408 Andronodorom
753 2358 812 2406 mitti
826 2357 924 2425 placere,

177 2439 213 2507 qui
224 2439 353 2505 denuncient,
370 2445 394 2486 ut
409 2439 433 2486 io
447 2437 552 2502 potestate
563 2438 653 2502 finalis
668 2453 695 2485 oc
708 2435 783 2502 populi
791 2433 841 2499 'fite
857 2445 926 2503 porte

177 2515 252 2580 Infide
261 2523 366 2580 poteort3
383 2513 468 2562 recedat
476 2511 608 2579 presiditlrrt.
644 2514 670 2563 Si
683 2512 847 2564 circumlatrent
863 2515 925 2580 regni

170 2594 237 2662 ficum
251 2607 340 2658 regnum
351 2591 407 2641 uelit
418 2591 504 2657 fucere,
521 2592 609 2640 modern
620 2592 648 2657 se
664 2593 754 2657 censere,
772 2591 839 2641 multo
856 2594 926 2642 acriis

84 2721 89 2726 ,
177 2671 377 2735 alArdronodoro,
393 2671 458 2736 quom
469 2668 495 2718 ab
506 2669 644 2735 Hieronymo,
661 2669 730 2736 repeti
737 2667 867 2719 libertatem.
887 2669 928 2720 Ab

178 2749 226 2798 hac
242 2749 363 2802 concione
383 2747 458 2815 legati
476 2748 538 2799 milli
555 2747 619 2798 sunt.
651 2744 755 2798 'senatus
773 2747 830 2798 inde
842 2747 926 2799 haberi

179 2835 273 2893 coeptus
290 2827 331 2877 esi.
357 2827 425 2894 quod
442 2825 511 2892 ficut,
535 2835 653 2890 regnante
669 2826 788 2891 Hierone,
805 2824 927 2876 manserat

179 2906 309 2974 publicum
320 2907 462 2969 confilium,
473 2909 507 2958 ita
525 2907 578 2974 posi
594 2915 701 2954 mortem
719 2906 780 2970 ejus,
797 2915 855 2954 ante
871 2909 932 2978 epmj

180 2984 254 3049 diem,
266 2985 331 3034 nulla
340 2986 370 3036 de
384 2996 410 3054 re
423 2983 656 3052 nequevconvocati,
664 2989 744 3048 neque
753 2980 860 3032 consulti
871 2980 925 3031 sue·

85 3125 87 3128 .
177 3057 245 3144 seut.
278 3063 312 3116 Ut
328 3073 431 3119 ventum
441 3063 472 3117 ad
484 3057 693 3120 Andtanodorum
710 3060 751 3128 etl,
769 3057 850 3128 ipsum
867 3060 925 3184 ppi-

897 3146 924 3188 m
