2126 3642
377 206 547 258 uun-uu
581 205 687 260 xxttt.
847 215 900 280 501

140 296 256 365 missu]
235 295 291 346 e'ut
306 309 375 345 arma
392 296 519 363 extemplo
539 297 622 363 cepit:
639 291 818 362 proveslusque
838 304 896 346 ante

139 375 263 426 stationes
267 387 342 438 equo,
361 375 488 422 Tauream
497 371 598 422 nomine
610 370 779 438 compellavit,
790 383 895 436 congre

141 451 226 518 dique,
243 451 287 500 ubi
308 449 403 512 vellet,¹
407 449 482 513 j.uslit
517 451 574 513 Jam
594 448 701 498 Romani
719 444 751 496 ad
771 439 895 514 speelacu

141 533 197 594 lum
209 545 296 598 pugnae
306 531 359 594 ejus
370 530 510 596 frequentes
523 529 650 582 exierantr
669 526 693 576 ἃ
705 527 833 594 Campani,
843 539 895 578 nott

123 609 240 660 .vallum
250 609 327 659 modo
339 609 482 672 castrorum,
499 606 541 656 sed
556 605 645 655 moenia
658 605 733 654 etiam
752 603 819 656 urbis
836 618 895 672 pro·

143 687 279 753 spoliantes
290 689 456 754 repleverant.
493 691 579 750 Quum
590 683 642 747 jam
654 687 710 732 ante
722 682 846 734 ferocibus
858 681 895 740 di:

144 759 190 814 tiis
199 777 250 812 rem
261 761 436 826 nobilitassent,
453 761 543 812 insellis
556 759 629 818 ¹hastis
642 759 797 808 concitarunt
806 772 895 824 equor,

143 837 203 888 dein
221 841 299 892 libero
319 841 401 909 spatio
421 841 485 890 inter
504 841 528 890 se
546 837 709 900 ludificantes,
726 837 775 888 stne
792 837 895 912 vulnere

141 932 252 984 pugnam
266 920 439 970 extrahebant.
475 923 546 969 Tum
566 921 706 984 Campanus
718 919 841 979 Romano,
858 917 896 986 Eg

140 995 241 1062 quorum,
263 997 350 1064 inquit,
374 997 419 1063 boc,
433 1013 484 1048 *non
500 998 602 1063 equitum,
625 996 667 1045 crit
687 1003 804 1060 certamen,
826 995 865 1060 nist
883 999 896 1045 l

139 1085 221 1140 rampo
237 1075 259 1124 in
275 1091 355 1125 cavam
370 1077 423 1126 lam
440 1077 503 1126 viam
523 1074 656 1124 demittimus
673 1089 741 1140 equos.
761 1072 790 1122 ibi
802 1073 856 1126 nullo
868 1071 897 1126 ad

140 1153 280 1218 evagandum
284 1155 358 1220 spatio
367 1156 460 1206 cominus
471 1155 604 1220 conserentur
616 1167 699 1200 manus.
734 1149 808 1200 Diuo
819 1152 908 1218 prope·

138 1229 219 1282 eitius
228 1231 337 1296 equum
330 1247 355 1283 ur
367 1232 435 1282 viam
449 1228 675 1293 Claudiusdejecit.
710 1230 820 1292 Taurea,
837 1240 894 1298 verr

141 1305 183 1360 bis
194 1305 310 1374 ferocior,
328 1314 448 1375 quamne,
465 1308 556 1357 minim>
566 1305 607 1370 fis,
624 1305 713 1372 inquit,
730 1305 883 1357 cantherium
874 1320 898 1360 m

136 1381 206 1448 foffa.
224 1400 278 1449 quae
298 1399 351 1436 vox
367 1387 394 1434 in
411 1384 528 1434 rusticum
542 1381 599 1434 inde
611 1381 772 1448 proverbium
784 1373 895 1449 prodita.

140 1459 271 1524 Claudius,
288 1477 366 1526 quum
377 1477 410 1512 ex
421 1462 465 1512 via
481 1461 555 1524 longe
566 1457 745 1528 perequitasset,
762 1457 831 1510 nullo
847 1457 894 1520 ob

141 1536 192 1588 vio
201 1537 289 1586 holle
283 1555 309 1588 tn
320 1556 433 1606 campum
446 1537 541 1589 rursum
552 1537 683 1599 evellun'
676 1553 806 1604 increpans
823 1539 893 1603 igna-
965 1607 968 1611 .

143 1613 217 1661 viam
237 1614 323 1676 hostis,
345 1631 400 1672 curn
415 1631 507 1680 magno
525 1613 616 1680 gaudio
640 1615 665 1666 δι
677 1615 880 1679 gratulatione
853 1631 893 1665 vr·

118 1687 120 1692 '
141 1685 218 1736 Ror'
211 1705 238 1738 tn
250 1689 325 1738 castra
335 1689 407 1740 redit.
440 1692 505 1740 Huic
521 1705 609 1756 pugna
620 1690 723 1756 equestri
735 1705 789 1740 rem
809 1691 893 1762 (quant

140 1760 201 1812 satis
212 1773 314 1826 certam,
326 1764 463 1814 communis
472 1764 621 1816 existimatio
631 1764 673 1826 etl}
691 1763 832 1812 mirabilem
842 1779 895 1824 cer

141 1841 174 1902 te,
192 1837 314 1903 adjiciunt
330 1839 430 1907 quidam
446 1843 563 1912 annales:
587 1856 663 1906 quum
681 1839 843 1904 refugientem
860 1840 892 1892 ad

140 1916 228 1967 urbem
238 1922 365 1970 Tauream
376 1915 504 1970 Claudius
507 1905 658 1985 sequeretur,
676 1917 771 1984 patenti
785 1917 893 1974 hostium
968 1941 971 1947 ·

140 2009 220 2063 porta
232 1999 365 2062 intellum,
375 2014 419 2066 per
429 1999 540 2066 alteram,
550 1997 703 2068 stupentibus
714 1996 833 2072 miraculo
844 1997 892 2048 ho

140 2075 225 2138 nibus,
244 2076 363 2126 intattum
376 2073 484 2128 evastsle.

174 2155 413 2219 XLV111.Quieta
430 2153 484 2204 inde
496 2154 583 2206 stativa
595 2153 672 2218 suere,
689 2167 719 2202 ac
734 2161 801 2204 retro
816 2121 896 2205 etiam.

138 2228 226 2280 consul
237 2233 320 2282 movit
335 2232 420 2296 casira,
436 2243 465 2282 ut
480 2233 614 2284 sementem
627 2232 749 2301 Campani
764 2229 890 2283 iacerent:

137 2323 186 2358 nec
198 2312 259 2369 ante,
272 2311 382 2362 violavit
398 2327 485 2378 agrurn
505 2315 667 2382 Campanum,
685 2318 758 2379 quarn
771 2312 823 2378 jam
835 2312 891 2366 altae
972 2383 973 2386 Ἴ

137 2388 166 2436 in
179 2383 300 2449 segetibus
309 2389 391 2440 herbae
401 2391 520 2458 pabulum
529 2391 639 2458 praebere
651 2399 775 2462 poterant.
794 2389 819 2440 id
828 2405 889 2442 cort·

138 2463 215 2512 vexit
227 2465 253 2514 in
270 2465 404 2518 Claudiana
420 2467 576 2536 catlrasuper
592 2467 738 2528 suessulam
755 2467 839 2534 ibique
851 2469 890 2518 hi·

138 2541 218 2600 berna
230 2541 371 2594 aedificavit.
405 2549 444 2594 M.
466 2546 571 2596 claudio
586 2546 728 2612 proconsuli
746 2547 889 2614 imperavit,

134 2629 174 2686 ut,
192 2629 290 2671 retento
304 2622 376 2672 Nola
387 2623 520 2676 necessario
531 2623 562 2672 ad
577 2623 692 2674 tuendam
704 2623 790 2672 urbem
807 2623 887 2691 praesr-

133 2656 189 2760 elio,
206 2708 302 2750 ceteros
318 2701 408 2750 milites
425 2700 562 2750 dimitteret
580 2703 694 2772 Romam,
713 2714 742 2752 no
759 2703 830 2752 oneri
847 2697 887 2762 so

135 2775 190 2836 ciis,
207 2774 351 2844 &sumptui
366 2778 507 2844 reipublicae
517 2777 601 2828 essent.
635 2780 668 2826 Et
678 2777 722 2826 Ti
733 2779 882 2830 Gracchus
872 2797 887 2836 a

138 2851 226 2902 Cumis
237 2853 393 2904 Luceriam
385 2871 412 2904 rn
428 2855 546 2921 Apuliam
563 2855 672 2919 legiones
684 2869 760 2920 quum
771 2855 886 2921 duxisset,

134 2928 177 2986 M.
189 2927 316 2980 Valerium
324 2931 381 2981 inde
388 2942 518 3000 praetorem
526 2930 688 2995 Brundisium,
698 2947 754 2982 cum
763 2948 802 2998 eo,
811 2949 886 3000 quem

133 3005 250 3070 Luceria
263 3007 394 3079 habuerat,
411 3011 523 3064 exercitu
531 3009 604 3077 misit,
622 3009 734 3077 tuerique
751 3027 820 3064 oram
832 3012 887 3074 agri

793 3089 884 3142 sunna
