2140 3640
385 260 412 334 ¹L
428 259 443 310 s
460 259 479 310 B
495 257 517 310 E
533 260 556 310 R
590 259 694 312 xxm.
864 265 917 324 ης

161 361 243 422 reque
252 363 363 421 pugnarn
372 351 501 403 conserere
510 349 636 426 uitiatoris
644 347 736 416 injussu
744 348 852 416 auderet,
861 356 919 418 (ptr-

161 431 289 500 gnatrdum
306 442 391 484 autem
408 431 463 496 esse,
480 431 498 481 st
517 430 599 500 palam
615 429 769 482 frumentum
793 431 916 498 importa-

162 521 210 575 ret,
226 511 349 576 videbat,)
366 525 446 579 neque
463 511 528 560 clam
545 509 696 577 importandi
714 509 768 578 spes
785 509 851 576 effer,
868 507 918 560 sar·

162 601 199 650 re,
215 589 329 654 creagris
344 588 409 640 circa
422 587 533 654 undique
548 587 678 652 converto,
695 604 772 654 quum
786 587 917 657 compluta

161 665 229 714 dolia
241 665 390 734 complesset,
407 667 528 718 nuncium
544 666 577 718 ad
595 666 764 732 magistratum
782 665 917 719 cattinum

163 743 235 808 misit,
253 756 281 795 ut
293 747 437 813 exciperent
449 745 524 809 dolia,
540 761 595 812 quae
606 747 685 796 amnis
696 745 811 798 deferret.
845 743 917 796 Inse-

153 823 249 886 'quenti
262 821 342 886 nosse,
359 825 460 876 intentis
478 823 594 876 omnibus
606 825 632 874 in
648 827 738 876 flumen
755 839 785 875 ac
802 823 871 892 spem
882 823 920 876 ab

164 901 257 950 nuncio
267 905 383 952 Romano
398 900 497 965 fassam,
514 901 581 952 dolia
589 899 673 952 medio
681 901 750 954 missa
761 903 827 953 amni
838 901 917 953 desu-

164 991 273 1030 xerunt.
292 981 416 1048 aqualiter
436 982 501 1030 inter
517 995 602 1029 omnes
621 979 775 1032 frumentum
794 979 917 1032 divisum.

166 1055 196 1106 ld
209 1059 305 1124 postero
321 1073 422 1126 quoque
439 1057 479 1109 die
496 1073 525 1109 ac
542 1059 618 1110 tertio
635 1058 728 1108 fanum
744 1058 786 1108 est.
804 1057 877 1110 nodie
889 1058 917 1111 dt
976 1085 979 1094 =

82 1188 84 1193 ,
166 1129 372 1188 mittebantur&
394 1137 592 1227 perveniebant.
618 1151 649 1186 eo
669 1135 791 1192 custodias
808 1137 916 1226 bobium

158 1293 241 1357 mnis,
258 1293 397 1344 transverso
406 1295 504 1344 vortice
517 1293 583 1344 dolia
594 1295 694 1361 impulit
703 1293 763 1346 ad
743 1309 831 1370 ripam,
842 1309 924 1361 quam·

167 1371 246 1422 hoster
257 1371 398 1424 servabant
416 1375 452 1423 ibi
470 1373 610 1423 hacrentia
603 1385 668 1424 mter
685 1375 811 1426 obnasa
791 1375 853 1444 ripis
864 1373 920 1426 sali·

97 1485 102 1496 ,
167 1451 204 1500 sia
214 1449 415 1520 conspiciuntur
434 1454 625 1520 nunciatumque
637 1453 770 1505 Hannibali
781 1453 824 1518 esi
842 1453 919 1506 &ds-

167 1527 224 1578 inde
238 1529 372 1580 intentiore
387 1530 496 1579 custodia
509 1541 618 1594 cautum,
635 1545 666 1580 ne
676 1530 736 1598 quid
746 1530 919 1582 sailcrctvul·

169 1615 244 1672 nimo
252 1605 282 1655 ad
290 1607 378 1656 urbem
388 1605 493 1656 missurn.
529 1611 611 1658 Nuces
621 1618 704 1660 tamen
714 1606 773 1660 susa
782 1609 814 1660 ab
823 1613 919 1662 Roma·

169 1679 305 1746 niscatur,
321 1697 398 1748 quum
410 1683 494 1734 medio
508 1686 575 1734 amni
587 1683 619 1734 ad
631 1685 762 1736 Casilinum
773 1687 921 1755 defluerent,
920 1731 926 1738 .

81 1755 84 1762 “
169 1759 277 1809 cratibus
279 1761 487 1828 excipiebantur.
522 1763 646 1814 Poslremb
660 1761 691 1813 ad
706 1763 919 1815 idvenrumino-

167 1837 216 1906 piae
229 1837 271 1900 esi,
288 1849 316 1888 ut
330 1839 383 1890 lora
395 1837 565 1905 detrasiasque
578 1838 652 1888 scutis
666 1840 749 1907 pelles,
765 1840 808 1892 ubi
821 1840 920 1896 fervida

168 1915 299 1968 mollissent
308 1919 379 1984 aqud,
395 1919 511 1969 mandere
523 1928 681 1980 conarentur,
698 1933 744 1966 nec
763 1918 875 1970 muribus
891 1935 920 1970 a·
971 1933 974 1942 ’

168 1995 239 2045 liove
248 1996 347 2046 animali
355 1997 511 2059 abstinerent,
529 1995 555 2046 dc
567 2011 641 2046 omne
653 1996 785 2046 herbarum
794 1997 921 2050 radicum·

170 2089 219 2140 que
231 2087 307 2140 genus
321 2077 451 2140 aggeribus
467 2075 558 2124 infimis
573 2074 638 2124 muri
650 2083 776 2135 eruerent5
793 2075 825 2139 dt,
844 2089 927 2144 quum¹

169 2153 249 2203 hostes
259 2142 536 2221 obardsscnt'quidquid
554 2150 650 2218 herbidi
670 2153 765 2204 terreni
778 2164 849 2203 extra
866 2169 922 2203 mu-

170 2245 226 2282 rum
245 2243 306 2296 erat,
330 2247 448 2298 raporum
469 2231 551 2281 semen
571 2229 717 2296 injecerunt,
736 2239 765 2282 ut
786 2229 921 2292 Hannibal,

169 2311 231 2362 Eone
247 2310 310 2377 usque
329 2308 380 2358 dum
397 2326 422 2360 ea
437 2311 557 2378 nascantur,
574 2309 602 2358 ad
621 2309 734 2378 cossinum
745 2309 838 2378 seffurur
847 2311 926 2378 sunt?¹

166 2388 334 2439 exclamaret:
343 2386 376 2452 sc,
386 2389 531 2456 qui-nullam
542 2400 614 2437 antea
623 2385 762 2455 passionem
768 2390 867 2440 auribus
879 2385 922 2440 ad·

169 2463 276 2528 miserat,
294 2473 347 2514 tum
364 2463 464 2513 demum
480 2465 520 2528 agi
537 2463 619 2514 secum
632 2462 665 2512 est
684 2461 765 2530 passus
783 2463 812 2513 de
825 2463 920 2514 redem-

169 2540 256 2608 ptione
265 2541 400 2590 liberorum
413 2540 530 2608 capitum.
565 2544 698 2607 septunces
709 2539 766 2590 auri
772 2540 801 2590 in
813 2539 931 2606 singulos·

169 2619 277 2688 pretium
296 2618 426 2670 convenit.
461 2617 521 2668 Fide
543 2619 654 2685 accepti,
680 2615 729 2668 sese
749 2617 920 2669 tradiderunt:

157 2697 250 2748 -dbnec
261 2711 336 2747 omne
346 2711 435 2748 aurum
447 2695 654 2764 persolutumzost,
672 2695 697 2744 in
707 2696 813 2746 vinculis
825 2695 921 2746 habiti:

102 2771 115 2804 ²
141 2843 145 2850 Ι
168 2777 499 2831 tumremiffi.cumascum
514 2773 571 2824 fidoi
606 2773 784 2839 1dverius.est,
802 2773 933 2838 quamabv
1002 2823 1005 2829 Α
1066 2757 1067 2822 J

170 2858 254 2923 equite
265 2855 421 2908 itt-abeuntes
432 2843 538 2907 inimiffo
550 2853 696 2906 intersesiost
720 2853 858 2906 Praenestini
867 2869 922 2904 mn·
990 2875 992 2880 ·
1066 2881 1067 2888 κ

170 2936 242 2988 xima
258 2949 317 3002 pars
331 2931 410 2984 sucre.-
437 2947 470 2983 01
487 2933 629 2998 quingentis
647 2931 809 3000 septuaginta,
832 2930 875 2997 qui
894 2929 932 2980 ini

171 3008 286 3080 prasidio
300 3009 411 3075 suerunt,
433 3012 515 3061 minus
531 3007 664 3060 dimidium
683 3007 776 3058 serrum
795 3003 933 3070 famesque·

171 3087 319 3159 absmpitc
336 3087 412 3144 ceteri
418 3086 557 3142 incolumes
569 3083 686 3140 rraencrte
694 3099 751 3137 cum
760 3093 865 3153 pretore
877 3079 934 3130 suo.

494 3166 532 3221 M
540 3169 558 3222 6
806 3154 935 3214 manicias
