2076 3612
266 217 271 232 ·
382 211 408 266 L
425 216 439 266 1
456 217 475 265 B
494 216 555 267 ER
590 217 624 268 x.
836 219 870 280 σς

110 303 327 370 irrigantibus
346 308 493 367 maritimis;
510 323 583 371 agros
600 307 666 358 haud
683 308 771 376 procul
782 309 871 376 proxi·

109 396 166 430 mos
177 383 328 450 campestres
343 385 425 444 eerni;
442 385 561 433 ulteriora
579 385 666 445 colles;
684 385 741 436 iude
752 381 797 435 else
809 385 868 436 odi·

110 471 156 506 um
164 460 276 508 fluminis
288 461 393 526 praealtl,
411 464 462 524 qud
471 460 607 524 circumagi
618 475 695 510 naves
704 463 730 512 in
739 461 869 512 lationem

111 537 317 586 tutam'vidille:
343 537 489 598 (Meduacus
509 538 587 586 amnis
613 541 674 602 erat)
691 541 722 586 ei)
742 537 866 590 investem

112 611 208 662 classem
219 615 305 664 subire
316 616 421 682 llumlne
431 613 536 664 adverso
544 614 619 676 jussit.
649 615 810 666 Gravissima
820 631 865 666 ua·

95 689 185 754 ‚vium
198 707 250 742 uon
267 690 373 758 pertulit
384 691 469 740 alveus
483 691 599 740 fluminis.
617 692 642 742 in
653 691 749 742 leviora
763 692 866 757 navigit

112 768 256 833 transgressa
268 769 406 819 multitudo
418 780 569 818 armatorum
581 768 612 818 ad
622 770 774 836 ‘frequentes
783 785 866 836 agros,

111 848 192 896 tribus
202 850 336 898 maritimis
349 849 527 898 Patavinorum
537 848 600 897 vicis
615 849 756 900 colentibus
769 865 824 900 eam
836 865 866 900 o-

110 939 176 988 ram,
192 929 318 991 pervenit.
354 926 394 975 Ibi
405 924 500 990 egrelli,
517 924 569 972 levi
582 925 694 991 prasidio
704 927 811 978 navibus
827 941 866 976 re-

110 1000 184 1063 liclo,
200 1002 272 1051 uicos
291 1011 444 1068 expugnant,
463 1001 619 1049 inflammant
642 1001 713 1066 tella,
736 1004 867 1053 hominum

114 1077 291 1144 pecudumque
302 1079 392 1146 praedas
403 1088 491 1142 agunt,
500 1078 526 1126 ἃ
539 1076 669 1128 dulcedine
681 1078 803 1145 predandi
812 1079 868 1128 lon·

113 1156 173 1217 girls
184 1155 261 1221 usque
276 1163 290 1206 d
302 1158 406 1206 navibus
423 1155 570 1224 procedunt.
605 1159 665 1206 llaec
677 1157 721 1208 ubi
735 1159 867 1210 Patavium

111 1231 172 1282 sunt
181 1236 306 1298 nunciata,
325 1235 431 1302 (semper
438 1245 522 1284 autem
533 1249 577 1284 coe
585 1234 610 1284 in
622 1236 795 1286 armisaccolae
804 1236 865 1288 Gal-

112 1310 133 1358 li
144 1302 278 1379 habebant)
295 1315 321 1363 in
340 1313 401 1363 duas
420 1323 502 1380 partes
516 1305 674 1376 juventutem
689 1313 814 1366 dividunt.
830 1315 866 1366 al-

113 1401 166 1440 tera
183 1392 211 1440 in
225 1393 363 1455 regionem,
381 1393 431 1457 qud
448 1390 522 1440 effusa
540 1393 669 1460 populatio
685 1393 864 1455 nunciabatur3

112 1467 197 1530 altera,
214 1483 247 1518 ne
259 1469 303 1518 cui
314 1468 458 1536 praedonum
468 1467 545 1518 obvia
554 1469 631 1532 fieret,
648 1470 726 1521 altero
735 1469 822 1520 ilinere
831 1470 863 1522 ad

110 1545 358 1595 flationemnavium
376 1545 462 1611 (millia
476 1555 558 1596 autem
569 1545 759 1612 quatuordecim
770 1547 802 1598 ab
817 1561 864 1615 op-

111 1622 173 1689 pido
185 1623 379 1689 alterandum.
414 1626 445 1672 In
459 1637 534 1674 naver
553 1636 650 1688 parvas,
668 1623 808 1676 cultoribus
818 1625 863 1676 t'n·

111 1699 249 1766 teremptis,
266 1700 373 1765 impetur
390 1697 481 1760 fastum
499 1700 627 1765 territique
647 1710 727 1750 naute
739 1711 864 1766 coguntur

111 1793 188 1827 naves
200 1779 226 1826 in
245 1778 349 1828 alteram
364 1777 444 1844 ripam
461 1779 539 1831 amuis
551 1778 702 1840 transjieere.
720 1779 745 1828 δι
757 1779 783 1828 in
798 1789 863 1828 tem

111 1853 257 1922 prosperum
274 1858 343 1919 aeque
363 1855 387 1904 in
403 1855 496 1920 palatos
515 1853 664 1920 predatores·
683 1855 796 1918 proelium
810 1853 863 1903 sue-
894 1851 895 1855 ’

110 1943 164 1982 rat:
181 1927 412 1998 refugientibusque
421 1933 452 1984 ad
467 1933 599 1981 stationem
612 1931 706 1980 Graecis
716 1921 807 1980 vineti
815 1931 864 1980 oh-
891 1975 895 1984 .

110 2005 199 2058 fluunt,
222 2010 263 2056 Ita
274 2009 301 2058 in
313 2008 397 2058 medio
408 2007 575 2058 circumventi
587 2006 666 2056 hostes
676 2005 793 2070 eaesique5
809 2019 866 2070 pare

111 2085 174 2151 capti
186 2085 285 2136 classem
295 2085 407 2136 indicant
420 2099 555 2150 regemque
569 2085 739 2149 Cleonymum
749 2081 796 2132 tria
806 2081 863 2131 rnil-

110 2161 143 2210 lia
153 2162 241 2212 abesse.
279 2163 350 2226 Inde,
369 2163 477 2230 captivis
486 2163 605 2230 proximo
616 2164 676 2212 vico
687 2163 713 2211 in
727 2159 864 2212 custodiam

110 2239 180 2305 datis,
197 2257 253 2310 pars
268 2243 404 2292 fluviatiles
427 2257 511 2305 naves,
529 2242 560 2290 ad
579 2241 715 2310 superanda
734 2241 799 2291 vada
815 2241 862 2292 ssa·

110 2331 214 2380 gudrum
226 2323 284 2385 apte
296 2320 376 2385 planis
390 2319 469 2368 alveis
480 2317 618 2378 fabricatas,
637 2333 693 2385 pars
704 2319 804 2384 captiva
816 2333 864 2382 no·

109 2395 177 2458 rigia
191 2397 294 2446 armatis
313 2395 449 2461 complent.
468 2394 622 2462 profedique
640 2397 671 2445 ad
691 2394 795 2458 classem,
813 2396 862 2444 im·
925 2456 936 2468 .

109 2471 213 2522 mobiles
224 2489 311 2535 naves,
329 2473 355 2522 ἃ
370 2473 425 2522 loca
438 2473 526 2536 ignota
538 2471 600 2538 plus,
618 2478 692 2538 quum
710 2473 811 2536 hostem,
829 2477 862 2521 tl-

110 2549 616 2614 rnentec,circumvadunt::fugientesque
633 2551 659 2600 in
676 2551 753 2599 altum
772 2552 861 2614 aerius,

110 2631 183 2690 quem
194 2639 374 2695 repugnantes,
392 2627 468 2694 usque
483 2627 514 2678 ad
528 2629 617 2678 ollium
637 2629 715 2678 amnis
731 2630 861 2696 persecuti,

106 2707 184 2770 aptis
202 2707 354 2770 quibusdam
375 2705 524 2772 incensisque
544 2707 651 2756 navibus
669 2709 782 2771 hostium,
800 2723 862 2773 quan

107 2781 239 2846 trepidatio
252 2784 279 2832 in
291 2783 358 2832 vada
370 2784 493 2846 intulerat,
505 2783 612 2834 vidores
623 2778 789 2835 reuertuntur.
803 2786 859 2836 Cle·

107 2872 223 2924 onymuc,
241 2861 291 2910 vix
304 2861 393 2925 quinti
405 2872 473 2926 parte
485 2862 587 2910 navium
600 2861 726 2923 incolumi,
744 2862 810 2910 nulli
819 2878 860 2912 re·

106 2935 184 2999 gione
194 2939 267 2988 maris
281 2939 422 2988 Hadriatici
434 2939 547 3006 prospere
559 2939 634 3002 adiu,
644 2939 755 2990 disceffit.
774 2943 862 2992 Rostra

103 3014 213 3066 navium
224 3015 354 3086 spoliaque
364 3018 503 3084 Laeonum,
522 3017 549 3068 in
559 3017 726 3086 edeJunonis
742 3019 821 3069 veteri
829 3017 860 3066 fi-

770 3121 773 3130 ›
812 3107 857 3160 xa,
