2058 3642
322 211 346 262 L
362 214 375 265 1
392 215 411 266 B
428 213 450 264 E
465 215 488 262 t
523 213 623 271 xxvl.
794 231 846 280 477

75 299 291 376 litesquepdum,
309 301 464 367 quaerique
482 303 626 368 proximum
650 301 691 367 cn,
713 301 737 354 iu
756 313 847 364 tetram

79 371 203 430 euadere
219 392 363 448 properant,
380 381 431 447 ipra
449 377 606 430 festinatione
621 381 646 432 δε
659 382 793 432 certamine
804 383 847 434 alti

82 451 157 524 'alios
171 457 322 522 impediunt.
495 511 496 516 ,

127 535 215 583 XLV.
227 538 295 584 Inter
306 537 358 588 haec
369 534 509 602 repleverat
518 535 571 599 jain
585 538 673 585 Poenus
683 538 783 590 armatis
792 551 847 589 mu·

85 627 145 673 ros,
163 612 189 660 8:
201 613 240 661 vis
251 622 353 678 magna,
366 627 399 664 ex
410 613 506 682 ingenti
515 613 589 678 copia
601 612 723 678 congelle,
740 616 848 668 telorum

88 689 280 756 suppeditabat.
299 691 344 742 Sed
357 691 506 757 nequeant,
524 691 638 754 neemia,
655 693 847 759 necquicquam

88 752 165 818 aliud
177 772 254 833 aque,
272 757 346 834 quadr
358 769 448 832 moenia
457 767 510 835 ipsa
522 767 580 832 sese,
598 767 769 819 defendebant.
786 783 849 838 rarae

90 843 166 894 enim
183 843 252 912 scala
264 846 388 898 altitudini
403 847 497 912 'aequari
515 856 647 913 poterant:
666 847 699 910 ἃ,
718 861 769 914 quo
782 863 848 913 quae·

91 931 145 992 que
157 919 266 986 altiores,
283 939 313 972 eo
325 923 472 974 infirmiores
484 931 563 972 erant.
580 925 677 988 Itaque,
695 938 770 990 quum
782 925 847 976 suin·

92 1012 153 1046 mus
165 999 268 1064 quisque
284 1000 389 1050 evadere
406 1017 457 1050 non
472 999 558 1067 pollet,
576 999 687 1050 subirent
698 1011 782 1052 tamen
793 1003 845 1070 alii,
891 1017 893 1021 ·
961 986 967 995 ’

93 1088 174 1146 onere
183 1077 237 1142 ipso
245 1075 433 1142 frangebantur:
444 1077 551 1144 quidam,
559 1078 677 1128 stantibus
686 1077 763 1142 scalis,
770 1094 855 1146 quum.

94 1152 205 1204 altitudo
221 1155 352 1220 caliginem
367 1156 448 1208 oculis
466 1155 597 1219 offudisset,
615 1155 646 1206 ad
660 1162 753 1216 ter-rant
774 1157 848 1208 delati

95 1227 163 1306 sunt.
198 1234 232 1284 Et
248 1250 325 1306 quum
345 1234 429 1302 passim
445 1235 558 1284 homines
570 1234 687 1300 scataeque
697 1245 806 1300 ruerent,
823 1236 854 1290 de

98 1307 153 1375 ipso
165 1309 272 1364 successu
281 1313 385 1364 audacia
395 1323 471 1379 atque
483 1313 595 1364 alacritas
606 1312 712 1362 hostium
721 1312 850 1380 cresceret,

42 1443 47 1450 ,
97 1384 192 1452 fignum
208 1394 320 1460 receptui
334 1393 420 1442 datum
433 1393 480 1454 est;
498 1390 565 1458 quod
577 1390 645 1459 spem
656 1405 708 1442 non
723 1392 849 1460 praesentit

96 1466 172 1527 mode
181 1469 213 1518 ab
224 1480 294 1524 tanto
303 1471 438 1522 certamine
450 1487 479 1520 ac
490 1461 575 1520 labore
587 1465 676 1536 quietis
689 1469 794 1536 obscllis,
807 1469 849 1522 sed

97 1534 173 1596 etiam
186 1546 211 1594 in
229 1548 352 1612 posterum
368 1547 445 1610 dedit,
462 1545 531 1596 scalis
549 1547 574 1597 ἃ
586 1547 680 1598 corona
692 1549 747 1614 capi
760 1548 849 1600 urbem

100 1635 152 1669 non
166 1618 240 1686 posse.
259 1636 335 1686 opera
346 1623 371 1672 dt
381 1621 491 1670 difficilia
501 1621 555 1684 effe,
565 1623 590 1672 δε
602 1633 698 1690 ternpus
709 1623 804 1688 datura,
815 1623 847 1678 ad

99 1694 226 1766 serendam
239 1711 324 1762 opem,
335 1696 524 1764 imperatoribus
536 1696 593 1746 suis.
611 1699 664 1748 Vix
676 1699 744 1764 prior
756 1699 847 1750 tumul·

100 1784 140 1824 tus
151 1773 312 1836 conticuerat,
329 1789 407 1837 quum
418 1773 500 1840 Scipio
517 1773 549 1822 ab
566 1773 720 1836 detestatam
732 1776 848 1824 vulnera·
907 1778 908 1781 ’

102 1849 179 1916 tisque
190 1861 299 1913 recentes
308 1849 468 1916 integrosque
480 1849 542 1911 alios
553 1851 666 1918 accipere
680 1849 753 1900 scalas
765 1851 848 1918 jubet,

102 1921 167 1980 &vi
184 1927 279 1990 majore
295 1927 396 1994 aggredi
412 1926 523 1976 urbem:
543 1925 608 1994 Ipse,
625 1937 653 1976 ut
665 1928 689 1976 ei
703 1929 848 1982 nunciatum

102 1999 144 2069 est,
161 2003 242 2053 'aslum
252 2003 375 2067 decedere,
392 2001 459 2070 quod
471 2017 515 2070 per
529 2001 662 2068 piscatores
676 2006 849 2072 Tarraconen·
873 2067 875 2076 Α

102 2073 146 2144 ses,
163 2096 229 2135 nunc
240 2081 338 2131 levibus
349 2080 455 2146 cymbis,
472 2095 547 2142 nunc,
565 2079 609 2129 ubi
627 2095 661 2130 eae
674 2077 785 2143 siderent,
803 2094 849 2132 va·

103 2151 139 2222 dis
149 2169 298 2226 pervagatos
308 2159 428 2224 stagnum,
446 2149 602 2224 compertum
617 2157 732 2222 habebat,
750 2157 849 2211 facilem

99 2227 203 2310 pedibus
219 2237 251 2289 ad
268 2253 367 2288 murum
385 2235 512 2285 transitum
524 2234 586 2300 dari,
604 2237 634 2284 eo
646 2234 728 2285 secum
740 2247 849 2296 armatos

103 2315 181 2366 duxit.
215 2309 330 2372 Medum
347 2314 425 2364 ferme
443 2311 492 2364 diei
511 2322 579 2362 erat:
599 2313 666 2366 &ad
678 2313 711 2377 id,
729 2312 794 2380 qubd
805 2312 849 2364 sua

74 2387 79 2398 '
103 2389 186 2458 sponte
197 2392 299 2444 cedente
310 2394 336 2442 iii
348 2406 416 2442 mare
427 2392 484 2442 aestu
497 2391 641 2442 trahebatur
651 2406 725 2456 aqua,
741 2405 798 2440 acer
806 2401 843 2440 et·

104 2467 152 2519 iarn
168 2472 304 2534 Septentrio
315 2480 383 2520 ortus
397 2469 542 2520 inclina-turn
559 2469 671 2534 stagnum
683 2466 779 2532 eodem,
797 2471 847 2534 qud

104 2547 177 2610 allus,
193 2537 296 2609 serebat,
313 2547 338 2597 δι
355 2545 417 2596 adeo
433 2547 572 2597 nudaverat
584 2545 657 2610 vada,
675 2556 704 2594 ut
715 2545 775 2595 alibi
791 2561 847 2595 um-

104 2611 177 2684 bilico
186 2635 255 2674 tenus
266 2639 331 2690 aqua
339 2622 407 2686 effer,
416 2625 476 2674 alibi
488 2641 568 2690 genua
576 2621 628 2677 virs
636 2625 769 2692 superaret.
781 2625 846 2690 Hoc,

105 2704 162 2760 cura
177 2719 206 2753 ac
223 2702 319 2754 ratione
336 2713 502 2768 compertum,
524 2705 550 2754 in
570 2703 712 2774 prodigium
732 2719 761 2753 ac
778 2703 860 2756 Deot'
929 2694 933 2700 ⁴

106 2792 201 2834 vertent
209 2779 302 2848 Scipio,
317 2777 360 2844 qui
372 2777 402 2827 ad
414 2779 540 2830 transitum
552 2781 670 2830 Romanis
683 2795 751 2830 mare
764 2791 847 2828 verte-

106 2868 166 2924 rent,
177 2857 203 2910 dt
213 2857 297 2922 stagno
309 2853 441 2918 auferrent,
451 2855 554 2922 viasque
567 2859 623 2906 ante
633 2871 760 2922 nunquam
774 2855 847 2904 initas

106 2927 211 2991 humano
220 2933 324 3008 vestigio
339 2933 472 3000 aperirent,
489 2937 633 3001 Neptunum
643 2931 748 2998 jubebat
759 2929 847 2982 ducent

105 3016 196 3092 biberit
206 3013 283 3086 sequi,
297 3029 329 3068 ac
343 3009 427 3069 neno
438 3015 525 3082 stagno
536 3012 642 3068 evadere
654 3012 684 3065 ad
696 3010 795 3060 moenia.
828 3083 846 3138 b
877 3069 878 3072 Ἰ
