2058 3642
145 261 196 310 ue
400 247 642 302 ms1v11·

142 333 193 400 au
211 335 332 391 serebant.
365 339 396 390 ld
413 339 491 392 modd
508 345 650 392 Romanum
666 353 778 408 querere
789 354 924 410 appare--

144 411 198 478 bat,
209 429 240 464 ne
249 415 318 466 abire
329 416 424 470 nouem
437 429 571 485 pateretur.
583 419 719 481 Hannibal,
731 418 790 468 inde
805 417 914 468 evade-

144 505 172 540 re
182 493 292 558 cupiens,
309 495 370 546 totis
384 497 478 548 viribus
489 497 515 546 in
528 498 606 546 aciem
617 495 790 548 descendebat.
829 500 915 546 Tum

144 569 238 633 consus,
256 573 360 638 ingenio
378 575 453 626 hostia
469 575 532 638 usus,
549 591 601 641 quo
612 575 695 624 minua
707 575 732 624 in
744 585 796 624 tam
808 575 916 642 apertis

84 637 93 660 ⁸
143 645 250 700 collibus
261 650 342 704 rineri
354 653 445 704 insstae
457 664 579 722 poterant,
591 654 702 718 quinque
714 653 843 716 cohorter,
857 651 913 702 ad·-

144 721 203 776 ditir
214 727 324 794 quinque
340 731 484 798 manipulis,
499 727 570 780 nodie
584 729 675 793 jugum
692 728 820 796 superare,
839 729 866 778 dc
880 730 913 778 in

143 801 235 858 aversis
246 807 352 858 vallibus
364 807 490 858 considere
498 809 580 872 jubet·
597 817 695 872 tempus
705 805 860 870 exsurgendi
872 818 914 856 ex
996 859 999 863 ,

145 877 244 946 insidiis,
256 881 281 934 de
293 883 453 948 aggrediendi
462 884 563 946 hollem,
582 883 627 933 Ti.
639 882 773 932 Claudium
786 881 909 932 Asellum

144 956 274 1010 tribunum
291 961 399 1012 militum
416 963 442 1012 sc
460 963 488 1012 Ρ.
503 959 633 1010 Claudium
647 958 789 1026 praefectum
802 958 908 1009 socium

144 1031 243 1102 edocet,
260 1053 321 1106 quos
338 1055 396 1090 cum
413 1040 444 1093 iis
461 1039 585 1088 mittebat.
620 1037 675 1104 Ipse
692 1037 748 1086 luce
759 1027 844 1102 prinu
855 1051 906 1086 eo·

144 1113 199 1180 pias
207 1131 294 1167 omnes
302 1118 414 1186 pediturn
421 1119 581 1184 equitumque
591 1116 617 1165 in
626 1109 705 1166 aciem
717 1114 816 1166 eduxit.
833 1117 906 1167 Pau·

144 1194 172 1244 lo
183 1194 236 1262 poss
249 1197 273 1247 dr
286 1198 318 1248 ab
331 1197 468 1248 Hannibale
480 1197 573 1260 signum
587 1210 674 1262 pugna
685 1193 843 1262 propositum
852 1194 903 1258 est,

144 1272 291 1340 clamorque
300 1279 326 1327 in
342 1275 424 1326 casinis
434 1275 466 1326 ad
483 1291 552 1326 arma
568 1273 759 1324 discurrentium
770 1273 804 1322 est
815 1273 904 1325 subla·

145 1360 193 1400 tus.
211 1351 269 1402 inde
280 1369 355 1418 eques
366 1353 488 1420 pedesque
500 1354 613 1402 certatim
625 1352 703 1418 portis
714 1365 794 1413 ruere,
813 1367 844 1400 ac
855 1367 904 1418 pa·

144 1427 189 1480 sati
202 1443 246 1496 per
256 1445 372 1496 eampum
385 1445 517 1497 properare
528 1429 559 1479 ad
573 1431 660 1480 hostes.
686 1432 768 1506 'Quos
777 1429 823 1478 ubi
835 1428 902 1478 essu·

143 1505 183 1558 sot
200 1505 285 1558 consul
302 1508 380 1572 videt,
398 1509 499 1558 tribuno
516 1509 627 1558 militum
645 1509 723 1558 tertiae
739 1507 847 1572 legionis
865 1511 901 1559 C.
998 1528 1001 1532 ·

143 1585 314 1636 Aurunculeio
326 1586 441 1654 impetat,
458 1597 487 1636 ut
498 1587 593 1653 equites
604 1577 717 1650 legionis,
735 1595 833 1650 quanto
843 1601 901 1635 ma·

143 1665 216 1716 ximo
233 1664 328 1734 impetu
345 1664 425 1733 possit,
442 1665 469 1714 in
486 1664 579 1714 hostem
597 1665 704 1714 emittat.
722 1663 759 1712 ita
777 1678 900 1728 pecorum
988 1734 990 1736 v

144 1743 222 1801 modo
238 1743 415 1813 incompofitor
432 1755 488 1794 toto
505 1743 590 1812 passm
609 1759 698 1810 campo
714 1741 738 1792 se
751 1739 850 1806 fudisse,
867 1752 915 1794 ut*

143 1823 217 1875 slerui
229 1823 366 1889 obterique,
385 1823 526 1890 priusquam
538 1823 696 1876 instruantur.
714 1819 814 1886 possint.

178 1904 264 1960 xL11.
282 1901 402 1964 Nondum
419 1901 544 1956 Hannibal
561 1903 575 1950 ὸ
592 1900 682 1950 εαίὶῐίς
693 1899 798 1961 exierat,
816 1913 899 1964 quum

143 1981 310 2048 pugnantium
321 1981 455 2032 clamorem
466 1980 572 2032 audivit.
591 1981 683 2045 itaque,
696 1976 792 2026 excitus
801 1979 898 2028 tumul.

144 2073 182 2118 tu,
199 2059 291 2125 raptim
302 2059 333 2108 ad
348 2060 442 2110 hostem
453 2060 537 2127 copias
548 2059 609 2122 agit.
644 2060 700 2122 Jam
713 2055 806 2124 primos
818 2068 897 2106 oecu-

143 2147 250 2204 pavcrat
263 2137 373 2202 eqnesset
385 2148 471 2188 terror.
490 2135 600 2202 peditum
612 2135 688 2189 etiam
698 2133 778 2200 prima
789 2133 856 2198 legio
869 2135 897 2186 dt

144 2213 233 2267 dextra
252 2214 300 2282 ala,
311 2215 424 2280 prolium
444 2215 550 2270 inibant.
576 2210 733 2280 incompositi
753 2210 840 2274 hostes,
864 2223 895 2266 ut

144 2304 269 2356 quemque
280 2302 323 2340 aut
335 2291 421 2363 pediti,
439 2304 483 2349 aut
494 2292 571 2357 equiti
588 2291 655 2340 casua
668 2287 768 2352 obtulit,
786 2289 822 2352 itu
833 2303 894 2340 con,

142 2366 226 2418 serunt
238 2383 334 2425 manus.
358 2369 445 2428 crescit
457 2385 540 2436 pugna
552 2367 669 2431 subfidiis,
687 2367 711 2416 u
724 2366 891 2433 procurrenti-

141 2445 226 2508 unsad
236 2455 361 2504 certarnen
371 2463 475 2496 numero
483 2459 603 2510 augetur:
622 2445 804 2514 pugnantesque
813 2445 892 2512 (quod

141 2519 187 2580 nis
198 2521 224 2568 in
236 2532 321 2578 vetere
336 2521 456 2584 exercitu,
473 2523 497 2575 Bt
516 2522 574 2578 duci
593 2523 672 2572 veteri
688 2521 752 2572 haud
763 2520 836 2572 facile
847 2523 891 2586 es)

47 2597 49 2600 ’
141 2601 208 2664 intur
225 2597 359 2654 tumultum
376 2612 406 2646 ac
423 2607 543 2652 terrorem
556 2597 705 2654 instruxisset
717 2598 848 2661 Hannibal,
864 2599 891 2654 nl

142 2674 286 2737 cohortium
304 2690 334 2731 ac
351 2674 536 2740 manipulorum
555 2675 738 2738 decurrentium
757 2689 800 2740 por
818 2675 893 2731 colles

140 2754 245 2812 elamor,
262 2751 294 2810 ab
311 2761 382 2814 tergo
402 2750 508 2812 auditus,
525 2762 629 2815 metum,
647 2766 679 2800 ne
699 2749 888 2814 intercluderen-

143 2820 307 2893 torucastris,
324 2822 452 2892 injecisset.
488 2829 549 2886 Inde
565 2827 774 2896 pavorincussur,
793 2828 888 2896 &suga

143 2907 228 2974 passm
241 2907 294 2958 fieti
307 2916 387 2972 coepta
400 2907 442 2956 eli.
460 2908 592 2980 minorque
602 2907 679 2957 cades
689 2906 746 2968 suit,
764 2907 822 2974 quia
833 2922 886 2973 pro·

142 2976 267 3050 p'inquitas
285 2983 419 3040 castrorum
437 2985 579 3034 breviorem
594 2983 679 3047 sugam
695 2983 884 3050 percusseserit.

76 3073 80 3078 ·
141 3059 329 3124 strumento
346 3071 419 3131 tergo
434 3060 602 3118 inserebant:
620 3063 648 3116 in
659 3060 798 3116 transversa
814 3063 883 3115 lama

814 3154 880 3191 inva-
