2130 3642
292 233 301 242 ,
393 183 669 253 crannum.
835 157 902 250 ,ιςξ

182 274 288 324 xxtx.
307 272 377 322 Dum
395 273 518 340 elephanti
537 271 702 338 trajiciuntur,
719 272 817 326 interim
832 274 903 324 Han-

145 353 218 402 nibal
237 351 362 403 Numidas
382 353 480 417 equites,
493 352 641 418 quingentos
658 351 690 402 ad
702 351 777 402 calita
787 355 904 405 Romana

146 430 252 480 miserat
272 429 434 497 speculatum,
451 429 503 494 ubi,
521 429 545 480 a
562 440 659 495 quanta
677 430 757 497 copia
776 428 859 492 essent,
876 427 904 480 ἁ

148 507 211 572 quid
231 519 357 576 pararent.
392 509 458 558 Huic
475 507 519 558 ala
538 508 650 572 equitum
665 507 733 572 miili,
752 517 780 556 ut
796 511 852 558 ante
863 505 901 556 di-

150 583 218 635 tium
233 585 276 650 en,
294 587 326 635 ab
336 585 399 637 ostio
414 585 529 636 Rhodani
541 587 644 634 trecenti
655 589 824 636 Romanorum
833 583 904 652 equi·

150 672 187 711 tes
204 674 350 714 occurrunt.
378 664 489 729 proelium
509 663 625 726 atrocius,
642 669 714 730 quam
735 680 781 734 pro
797 677 902 714 numero

147 742 327 805 pugnantium,
346 741 437 790 editur.
471 743 535 792 Nam
547 741 839 807 pratermultavulnera,
857 755 902 792 ca-

150 815 194 865 des
206 818 282 866 etiam
294 821 372 886 prope
390 833 435 886 par
451 819 566 886 utrinque
582 819 646 870 luit:
666 818 808 886 sagaque&
820 833 902 888 pavor

150 895 320 945 Numidarum
332 898 460 962 Romanis,
474 897 527 960 jam
538 895 671 948 admodum
681 897 751 962 leffis,
769 897 902 948 vitoriam

150 972 229 1024 dedit.
253 973 362 1026 visiones
378 976 411 1026 ad
428 986 527 1026 centum
541 973 676 1038 sexaginta,
693 991 739 1026 nec
751 991 836 1026 omnes
847 978 901 1024 Ro·

150 1053 230 1114 mani,
247 1051 289 1102 scd
301 1069 356 1120 pars
369 1055 516 1104 Gallorum:
535 1052 595 1102 vitii
610 1053 714 1119 amplius
725 1051 825 1102 ducenti
836 1052 901 1102 ceci·

150 1129 252 1180 derunt.
287 1134 344 1182 Hoc
365 1133 516 1200 principium
541 1130 610 1185 fimul
630 1144 754 1196 omenque
774 1127 841 1190 belli,
872 1137 902 1178 ut

151 1205 253 1257 summae
265 1223 347 1258 rerum
359 1209 503 1281 prosperum
516 1220 643 1274 eventurn,
660 1209 694 1258 ita
709 1205 774 1256 haud
791 1203 846 1256 sane
862 1205 902 1256 in-
928 1233 930 1238 ·

151 1297 280 1336 cruentam
297 1289 459 1356 ancipitisque
473 1287 612 1338 certaminis
629 1287 768 1348 sidoniana,
781 1285 902 1336 Romanii

149 1362 288 1428 portendit.
323 1366 364 1429 Ut,
382 1365 460 1414 reita
477 1365 549 1429 gelli,
567 1363 597 1414 ad
608 1375 742 1430 utrumque
756 1361 844 1414 ducem
861 1359 903 1414 sui

150 1439 288 1501 redierunt,
305 1456 350 1492 nec
363 1443 473 1510 Scipioni
487 1442 547 1492 liare
561 1441 679 1492 stntentia
693 1449 799 1508 poterat,
815 1439 859 1490 nist
870 1448 900 1490 ut

150 1529 184 1570 tx
196 1516 304 1568 consiliis
314 1519 445 1586 coeptisque
455 1519 527 1568 hossis
537 1519 560 1568 ἃ
570 1517 619 1586 ipse
632 1529 733 1568 conatus
742 1528 854 1586 caperet:
873 1517 901 1568 ἃ

114 1606 118 1612 ·
149 1591 318 1645 Hannibalem
335 1594 463 1656 incertum,
481 1599 564 1642 utrum
582 1605 689 1660 creptum
705 1591 731 1641 in
751 1593 848 1643 ltaliam
859 1593 899 1642 in-

150 1667 264 1736 tenderet
276 1669 333 1730 iter,
350 1686 381 1718 an
393 1685 449 1718 eum
462 1685 502 1733 eo,
520 1671 561 1735 qui
571 1671 664 1736 priinus
676 1669 700 1718 se
709 1667 834 1720 obruisset
844 1671 897 1718 Ro·
948 1709 951 1714 .
972 1707 977 1714 .

150 1761 239 1800 manus
249 1748 382 1811 exercitus,
399 1762 485 1798 manus
497 1748 642 1810 consereret,
660 1747 750 1796 avertit
763 1746 901 1812 apresenti

149 1822 287 1872 certamine
297 1823 414 1890 Bojorum
422 1813 559 1888 legatomm
568 1823 695 1888 regulique
705 1823 799 1885 Magali
807 1821 900 1872 adveu-

150 1888 207 1947 ¹tus:
226 1897 269 1963 qui
281 1897 387 1966 seduces
402 1899 527 1962 itinerum,
545 1897 626 1948 socios
638 1897 740 1962 periculi
754 1895 816 1958 sore,
834 1895 900 1946 affir-

147 1988 255 2040 mantes,
272 1977 371 2042 integro
382 1979 457 2044 bello,
473 1977 595 2043 nusquam
604 1977 660 2024 ante
671 1973 752 2022 libatis
761 1973 864 2038 viribus,
876 1977 899 2024 1-

149 2056 237 2106 taliam
248 2056 439 2121 aggrediendam
451 2055 559 2106 censent.
577 2051 715 2104 Multitudo
730 2051 834 2102 timebat
843 2053 899 2120 qui.

149 2133 207 2194 dem
226 2133 327 2200 hostem,
353 2135 464 2186 nondum
485 2131 616 2184 obliterata
633 2132 750 2182 memorii
767 2129 900 2200 superioris

149 2211 210 2264 belli
220 2229 232 2272 z,
244 2210 284 2262 sed
302 2213 379 2277 magis
396 2213 443 2264 iter
457 2209 604 2261 immensum
622 2209 753 2278 Alpesque,
770 2209 900 2262 tentiam&

150 2290 382 2358 utiqueinexpertis
392 2288 547 2352 horrendam,
565 2289 702 2338 metuebat.

185 2371 276 2442 XXX.
291 2372 377 2436 ltaque
387 2368 521 2428 Hannibal,
533 2366 660 2434 pollquasn
671 2365 842 2435 ipsisententi'a
850 2367 896 2422 tte:

111 2460 118 2470 ·
149 2445 181 2494 tit
193 2460 293 2512 pergere
304 2447 348 2508 ire,
364 2457 437 2512 atque
448 2446 545 2495 Italiam
556 2454 646 2510 petere,
663 2443 785 2496 advocati
794 2450 896 2516 concio:

148 2537 189 2586 ne,
207 2525 276 2574 varie
286 2523 394 2574 militum
406 2522 487 2572 versat
502 2522 602 2572 animos,
611 2521 750 2587 castigando
762 2524 898 2576 adhortan-

90 2629 97 2636 ·
149 2589 241 2666 doque.
278 2602 370 2650 Mirari
381 2602 415 2666 se,
432 2601 517 2668 quinam
531 2599 619 2666 peilam
631 2601 719 2666 suaper
735 2603 895 2668 impavidam·

145 2689 201 2749 pens
218 2689 289 2728 terror
305 2679 420 2744 invaserit.
444 2691 486 2744 per
502 2687 533 2729 tot
550 2694 617 2728 annot
629 2679 737 2731 vincentes
747 2681 900 2753 eotstqtendiia

144 2757 237 2820 facem
254 2773 292 2823 neq
294 2774 320 2806 ue
331 2762 381 2806 ante
391 2757 499 2824 Hispanis
509 2755 614 2824 exccffiffl,
630 2762 694 2825 quim
706 2777 776 2810 omnes
782 2765 902 2830 gentesque·

150 2835 177 2888 dr
191 2844 251 2884 terre
268 2853 302 2899 ec,
320 2851 372 2904 quas
387 2835 426 2884 duo
437 2835 529 2903 divesfir
536 2837 605 2885 maria
596 2839 791 2909 ampseliantur,
794 2839 897 2894 Kartha-
953 2878 957 2898 ,

145 2891 275 2982 giiiienfium
292 2906 363 2994 qffdri.
398 2913 523 2982 Incd'gantos
539 2913 623 2978 deinde,
637 2917 697 2982 quid,
721 2918 834 2984 quicunque
852 2918 896 2966 Sa

145 2997 240 3058 guttum
252 3003 262 3038 o
263 2981 315 3056 lise
308 2986 375 3070 ffent,
391 2990 487 3047 veluti
464 3009 475 3042 0
481 3007 583 3120 Gstoicam,
592 2991 634 3062 fil'
626 3011 641 3048 s
645 2993 692 3048 dedi
701 2992 816 3062 pullularet
823 2991 896 3068 pops·'

525 3081 540 3128 Ξ
