2062 3640
186 233 237 280 ⁴⁴·
446 215 484 269 Τ.
518 217 541 268 s.
559 219 572 270 1
589 219 615 270 v
631 219 677 270 11
695 260 704 270 .

182 323 219 374 ur,
236 323 267 360 ne
278 308 302 360 id
320 308 401 378 ipsum
416 311 620 380 impedimentum
636 299 740 382 incepto
757 311 844 378 soret,
862 313 956 366 dimit·

181 397 233 436 tour
243 388 396 454 pretorium,
412 389 519 439 tribunis
533 390 640 438 militum
657 403 688 438 ac
706 389 838 456 praeseffls
851 390 954 443 socium

180 461 321 528 imperavit,
339 469 376 512 uti
393 465 493 514 duobus
511 465 621 514 millibus
640 467 758 530 equitum
779 465 893 517 deleuit
911 467 953 516 de·

180 540 335 604 nuneiatent,
345 553 373 590 ut
381 541 417 590 ad
421 543 520 594 tertiam
532 542 663 592 buccinam
673 541 762 608 pretio
774 543 870 592 essent.
889 548 952 594 cun

179 613 229 668 hoe
240 617 354 682 equitatu
366 617 438 668 nodie
449 621 566 669 Teanum
578 616 712 685 proserius,
724 599 818 685 primi⁸
825 621 890 670 luce
896 635 979 689 pur·

178 703 231 744 taut
247 695 362 758 intravit,
378 707 453 763 atque
471 697 496 746 iu
513 695 598 747 sorum
616 696 745 762 perrexit.
764 697 951 765 concursuque

180 772 212 824 ad
223 774 333 841 primum
348 775 459 842 equiturn
473 771 604 839 ingressum
618 772 694 837 tatio,
712 775 901 840 magistratum
915 777 948 826 si-

178 849 291 902 dicinum
299 853 370 902 citari
377 851 452 916 jussit,
461 852 652 920 imperavitque,
661 861 691 901 ut
700 851 863 918 produceret
874 857 947 902 (lam-

180 943 268 996 panua,
284 945 347 996 quus
357 919 384 980 iu
395 930 505 980 custodia
514 931 625 979 baberet.
644 929 763 979 Produsli
778 945 886 996 omnes,
896 931 949 980 vir·

181 1007 269 1075 gitque
280 1009 341 1076 caefi,
357 1025 386 1061 ac
395 1008 473 1060 securi
490 1008 602 1078 percuffi.
636 1007 700 1058 Inde
713 1009 795 1058 citato
809 1025 884 1075 equo
899 1013 946 1059 Ca·

181 1087 216 1138 tes
228 1090 363 1155 percurrit:
380 1088 424 1138 ubi
436 1103 514 1154 quum
528 1088 554 1137 iu
568 1086 688 1136 tribunali
703 1085 871 1150 consedisset,
888 1081 943 1156 pru'·

180 1164 297 1231 duslique
312 1167 432 1234 Campani
446 1166 612 1231 deligarentur
626 1163 658 1214 ad
673 1164 768 1232 palum,
790 1179 873 1232 eques
881 1167 945 1216 cinu

181 1243 218 1292 ab
225 1244 306 1292 Roma
315 1245 393 1302 uenit,
405 1241 560 1308 literasqued
574 1246 604 1292 C.
617 1240 754 1309 Calpurnio
766 1253 881 1308 pretore
889 1241 946 1292 rut

181 1317 263 1368 uio&
278 1317 515 1370 senatusconsultum
524 1317 636 1370 tradidit.
654 1320 814 1368 murmurat>
828 1319 944 1369 tribuna·

179 1395 197 1447 si
210 1399 452 1452 totamconciunern
466 1399 583 1466 pervastt,
600 1397 694 1448 diserti
704 1411 758 1446 rent
774 1397 903 1463 integram
912 1395 944 1448 ad

180 1475 263 1527 Patres
275 1474 306 1524 de
324 1477 465 1544 Campanis.
484 1477 510 1527 δι
528 1477 640 1541 Fulviam,
658 1477 682 1526 id
698 1477 734 1526 ita
745 1474 882 1540 efferanu,
899 1491 940 1526 ac·

179 1563 263 1620 ceptus
274 1554 364 1617 literas,
381 1569 462 1621 neque
477 1553 606 1619 resolutae,
624 1569 703 1620 quum
715 1553 741 1604 in
756 1557 858 1618 gremio
867 1565 940 1622 repo

179 1629 271 1694 suisset,
289 1633 397 1698 praeconi
408 1632 552 1699 imperavit,
569 1643 599 1681 ut
615 1630 729 1682 littorem
740 1630 798 1694 lege
808 1643 888 1695 agere.
894 1629 938 1694 ju-

180 1709 259 1762 beret.
278 1714 317 1762 lta
328 1710 358 1762 de
376 1713 406 1762 iia
416 1727 526 1778 quoque,
543 1711 585 1776 qtti
599 1711 702 1760 Calibus
711 1719 795 1772 eraut,
811 1709 936 1776 suntptnn

182 1786 342 1858 supplicium.
377 1793 447 1840 Tum
458 1790 534 1838 literar
548 1787 615 1839 le&
625 1784 772 1852 senatusque
784 1785 935 1850 censuim,

180 1867 263 1920 serum
279 1868 310 1920 ad
328 1867 509 1938 impediendam
525 1881 578 1918 rem
594 1863 689 1925 asinum
705 1879 761 1931 quat
779 1863 875 1914 smnmi
884 1877 934 1930 ope
950 1905 953 1910 .

181 1957 349 2014 approperata
363 1956 424 2010 erat,
440 1961 472 1996 ue
488 1943 603 2012 impediri
613 1941 700 2011 posset.
738 1939 934 2006 consurgentem

179 2023 234 2092 jam
245 2026 363 2076 Fulvium
382 2027 482 2076 Taurea
499 2021 622 2089 Jubeiliua
632 2023 783 2087 campanus,
800 2033 845 2087 per
853 2016 932 2068 medi·

181 2117 223 2152 am
233 2101 326 2152 vadens
335 2103 424 2164 urbem
436 2102 591 2166 turbamque,
606 2093 709 2148 nomine
719 2095 879 2146 inclamavit:
893 2093 932 2162 ἃ,

113 2243 116 2249 Ι
180 2193 267 2248 quum,
276 2180 436 2232 mirabundus
447 2179 567 2248 quidnam
579 2175 629 2228 sese
640 2177 725 2238 vellet,
733 2171 853 2226 resedisset
863 2175 931 2224 Flac·

181 2271 234 2319 cus,
249 2259 393 2324 Meqaoqim
410 2259 500 2323 iuquit,
510 2255 648 2321 perbereos
664 2251 931 2321 adgsenrmpoffrt-mus

180 2335 336 2399 insaniorem,
347 2339 413 2402 purim
425 2337 509 2400 ipseer,
521 2328 821 2398 wanadrlemcisameffe.
840 2331 928 2394 Quum

181 2413 284 2463 flaccus
295 2421 404 2476 negaret,
419 2405 707 2478 proseliisaliscompntem
715 2405 853 2476 mertirrp‘e:
869 2421 925 2457 nto·

181 2489 215 2540 db
216 2489 490 2555 ,pmiilerieliamfe,r
469 2487 491 2552 fi
501 2489 602 2539 idvelset
602 2486 808 2557 Mfmmrstonsritr
823 2485 925 2539 diceret:

181 2579 235 2618 tum
247 2566 377 2630 Jttbeilius,
394 2566 582 2631 Quandoquidem,
599 2569 688 2634 inquit,
704 2569 770 2634 cupid
784 2566 866 2633 priris,
878 2575 924 2632 pm·

176 2643 266 2716 pinquis
275 2643 390 2710 amicisque
400 2643 487 2708 amissi,
503 2661 568 2712 quam
584 2645 630 2712 ipse
644 2661 709 2694 mm
723 2645 887 2712 meritonjagem
896 2641 921 2690 l-

179 2721 277 2786 ierosque
293 2719 451 2786 interfecerim,
467 2736 493 2768 ne
512 2720 563 2787 pta'd
580 2721 664 2788 indigeri
678 2728 818 2787 pateremur,
835 2719 884 2770 mili
899 2733 922 2768 re
998 2713 999 2760 i

180 2799 256 2850 ruelii
264 2797 348 2866 quidem
357 2803 418 2866 copia
432 2797 506 2848 eadem
521 2798 559 2864 est,
576 2815 619 2866 que
628 2795 753 2854 iiteiviiru
760 2798 830 2860 meist
843 2806 922 2871 petalis
998 2775 999 2848 i

181 2877 291 2928 evirtute
298 2875 372 2943 invise
378 2875 439 2941 btp'ru
447 2875 614 2926 uiraeulmitia.
631 2886 706 2942 atque
714 2876 750 2924 ita
759 2874 919 2940 gladio,quem
998 2879 999 2936 l

181 2957 249 3006 vesse
260 2966 366 3016 texerat,
377 2969 422 3022 pec
430 2953 562 3004 adversum
571 2953 654 3020 peditis
662 2953 805 3014 transfixus,
821 2964 873 3004 ante
880 2967 919 3020 pe·

180 3033 224 3087 dee
235 3032 393 3102 imperaturis
403 3030 566 3084 moribundus
574 3031 719 3099 procubuit.
771 3053 776 3060 ·
998 3075 999 3092 ,

187 3133 191 3140 ·
756 3108 832 3158 xvi.
849 3105 917 3174 Quia,
