2140 3640
166 265 218 316 ast
286 325 289 330 Ι
428 259 464 310 Τ.
498 255 522 312 L
540 261 553 310 1
571 261 595 310 V
613 262 626 310 1
643 261 657 310 t
940 313 946 334 .

164 361 230 400 num
242 346 377 398 exercitum
394 348 517 398 traducit:
537 348 562 398 8c
582 348 677 404 utnon
694 345 814 399 hostiliter
828 347 920 416 llatiul,

168 426 291 493 quianon
307 424 452 494 desperabat
469 426 638 477 voluntariam
653 425 806 476 deditionem
815 448 821 490 ;
839 431 883 491 ita,
901 429 918 477 st

164 512 324 554 morarentur
343 501 420 571 spem,
440 503 501 554 nihil
520 518 686 570 eorumquae
704 506 755 570 pati
770 515 813 554 aut
831 506 920 554 timere

162 577 272 649 possent,
290 580 497 648 praetermissurus.
532 585 642 643 Senatus,
659 597 688 630 ac
700 583 810 632 maxime
824 583 918 650 primo·

165 658 279 723 reeejus,
289 660 314 708 in
327 658 443 708 societate
455 661 569 708 Romana
581 674 638 708 eum
650 657 699 708 fide
711 660 832 726 perstare;
850 661 919 730 plebs

166 748 300 800 novarum,
317 746 346 784 ut
358 733 427 798 solet,
444 749 527 784 terum
539 744 613 800 atque
631 736 776 785 Hannibalis
788 747 841 786 tota
852 734 917 797 esse3

166 813 312 878 metumque
323 826 440 878 agrorum
456 810 632 877 populationis,
650 811 675 862 8<
686 812 801 878 patienda
818 813 843 860 in
853 811 919 861 obst-

165 887 242 942 dione
253 892 331 940 multa
346 889 434 956 gravia
447 888 598 954 indignaque
610 891 854 960 proponere-animo.
872 905 916 939 ne·

164 983 215 1036 que
227 967 338 1020 nudiores
349 965 493 1020 tle'sctllouis
505 967 613 1018 deerant.
648 969 736 1032 ltaque
747 967 790 1018 ubi
803 969 914 1018 senatum

165 1056 247 1096 metus
259 1047 333 1114 ceplt,
350 1043 509 1112 spropalam
522 1042 657 1107 tenderent,
676 1043 748 1093 resisti
759 1045 914 1095 multitudini
967 1090 973 1100 ,
1057 1103 1066 1120 ι

163 1124 297 1172 concitatae
308 1137 358 1172 non
373 1119 439 1188 polle
447 1140 454 1182 ;
471 1121 536 1170 elam
553 1119 688 1169 simulando
700 1121 844 1172 dilationem
855 1122 915 1172 mali

163 1198 307 1250 inveniunt.
326 1199 422 1266 placere
435 1198 502 1247 enim
513 1195 559 1246 libi
569 1195 731 1246 desetlionem
743 1197 773 1246 ad
786 1198 915 1248 Hanniba-

164 1275 215 1324 lem
232 1274 362 1324 simulant:
379 1271 469 1338 quibus
487 1282 570 1322 autem
590 1271 775 1322 conditionibus
793 1273 818 1342 in
835 1269 915 1324 foedus

161 1350 350 1414 amicitiamque
365 1361 462 1398 novam
481 1346 614 1412 transeant,
633 1363 719 1415 parurn
736 1349 853 1399 constare.
888 1351 915 1397 1-

161 1437 191 1478 ta
202 1426 282 1494 spatio
295 1425 402 1493 sumpto,
414 1425 509 1489 legatos
521 1439 627 1493 propere
637 1427 668 1475 ad
679 1437 809 1494 praetorem
821 1429 915 1476 Roma-

160 1519 225 1558 *ttutn
237 1506 384 1556 Marcellum
397 1503 537 1570 claudium,
553 1506 597 1571 qui
615 1503 714 1555 Casilini
733 1519 789 1556 curn
801 1506 916 1556 exercitu

163 1594 225 1647 erat,
242 1583 353 1648 mittunt,
365 1582 513 1649 docentque,
526 1594 620 1649 quanto
632 1585 658 1633 in
668 1581 809 1634 discrimine
820 1584 849 1634 srt
858 1586 914 1637 No-

160 1661 220 1714 lana
237 1677 283 1724 res,
299 1677 388 1728 agrum
406 1661 553 1713 Hannibalis
570 1660 616 1712 cll'e
628 1662 656 1712 ’ἃ
667 1669 807 1729 Poenorum,
825 1663 913 1718 urbem
952 1715 954 1720 ,

162 1742 293 1810 extemplo
305 1741 422 1807 suturam,
433 1743 460 1792 ni
472 1739 640 1792 subveniatur.
659 1735 818 1792 concedendo
831 1744 916 1810 plebei

162 1815 284 1888 senatum,
300 1822 344 1874 ubi
359 1816 593 1887 velint,dcsetluros
605 1817 642 1882 se;
660 1835 691 1870 ne
708 1821 813 1873 deficere
824 1824 913 1890 prase-

160 1899 288 1966 stluarent,
314 1899 426 1954 effecisse.
461 1900 602 1962 Marcellus,
628 1899 773 1952 collaudatis
798 1901 913 1970 Nolanis,

160 1979 249 2032 eidem
263 1979 415 2030 simulatione
427 1977 525 2028 extrahi
534 1977 622 2028 remiu
634 1973 705 2027 suum
716 1976 851 2029 adventum
860 1977 914 2046 Jus-

160 2053 206 2120 fit:
224 2056 325 2122 interim
336 2055 418 2118 celari,
437 2069 491 2120 quae
502 2053 584 2103 secum
595 2051 648 2102 alla
659 2051 742 2118 essent,
758 2055 874 2122 'spemque
883 2071 921 2106 o·.

161 2147 246 2183 mtrem
263 2131 352 2181 auxilii
364 2130 481 2182 Romani.
515 2129 597 2196 Ipsca
609 2129 714 2182 Calilino
733 2132 854 2182 Calatiam
866 2149 911 2200 pe·

161 2209 212 2258 tite
237 2218 312 2274 atque
332 2207 398 2271 inde,
420 2208 545 2257 Vulturno
565 2207 632 2256 amni
652 2207 763 2273 trajetlo,
779 2225 872 2278 perque
883 2225 912 2260 a·

161 2299 235 2351 grum
256 2284 423 2334 Saticulanum
444 2284 667 2354 Trebulanumqtte
686 2285 759 2355 super
777 2285 913 2340 Suessulam

162 2377 208 2432 per
219 2369 316 2412 montes
332 2362 424 2412 Nolam
437 2363 561 2432 peruenit.

197 2444 256 2491 XV.
275 2441 324 2490 sub
341 2439 477 2490 adventum
494 2441 605 2507 praetorio
622 2443 730 2492 Romani
742 2444 829 2496 Poenus
846 2459 911 2510 agro
984 2445 987 2452 ⁴

161 2519 264 2570 Nolano
282 2515 389 2582 excellit,
406 2519 432 2569 ἃ
448 2517 479 2567 ad
495 2533 564 2566 marc
583 2521 698 2586 proxime
715 2523 845 2590 Neapolim
866 2523 912 2574 de-

162 2595 273 2657 scendit,
284 2595 387 2661 cupidus
397 2595 516 2646 maritimi
526 2597 614 2663 oppidi
623 2598 749 2666 potiundi,
768 2604 818 2668 quo
827 2601 912 2654 cursus

160 2672 270 2728 navibus
288 2683 354 2721 tutus
374 2689 407 2724 ex
431 2674 516 2726 Africa
534 2673 604 2725 esset:
638 2681 769 2743 Ceterum,
781 2679 913 2748 postquam

160 2753 321 2820 Neapolima
337 2751 451 2819 praesesto
465 2755 582 2804 Romano
594 2757 670 2806 teneri
681 2758 785 2823 accepit,
803 2759 852 2823 (M.
867 2759 915 2823 Ju-

156 2833 219 2883 mius
231 2829 324 2879 silanus
336 2841 396 2894 etat,
412 2831 445 2880 ab
463 2831 518 2898 ipsis
535 2834 705 2900 Neapolitanis
723 2835 827 2898 accitur)
845 2837 914 2887 Nea-

149 2909 217 2979 ⁴poli
233 2925 340 2976 quoque,
358 2909 418 2960 sicut
427 2910 500 2973 Nola,
512 2910 609 2975 omissa,
620 2916 683 2980 petit
695 2915 837 2964 Nuceriam.
856 2929 914 2968 cam

162 3000 241 3058 quum
258 2988 401 3056 aliquandiu
421 2987 619 3053 circumsedisset,
636 2991 699 3058 saepe
715 2993 751 3054 vi,
769 2991 832 3057 saepe
843 2990 914 3044 solli-

130 3056 138 3081 ''
161 3065 268 3132 citandis
279 3069 444 3138 nequicquam
454 3083 521 3126 nuuc
530 3067 610 3139 plebe,
622 3083 695 3126 nuuc·
698 3070 861 3139 principibus,
872 3069 918 3120 fa-

221 3171 224 3178 .
272 3147 277 3162 '
524 3148 531 3180 ί
579 3171 583 3178 .
864 3161 913 3206 me
