2076 3612
181 267 228 333 ιε’
435 280 473 330 τ.Ἰ
506 274 529 328 o
546 277 560 326 1
577 276 634 325 vr
649 277 679 324 1·

177 380 244 421 nint.
279 373 355 422 Fraus
371 370 461 421 deinde
472 383 525 418 rem
542 355 681 428 inclinavit,
698 361 766 430 quod
776 377 867 415 vocem
879 379 926 428 au-

176 446 224 498 diri
234 451 354 515 ptaeconis
371 448 429 516 palli
446 445 522 506 suntJ·
533 444 658 494 melanem
676 443 790 505 aliturum,
808 445 845 509 qui
861 459 927 492 arma

174 525 280 591 posuiffet.
298 541 328 575 ea
339 526 390 594 spes
401 523 518 574 remissa
532 522 664 572 certamine
674 520 780 584 animos,
798 519 823 570 s
840 519 927 586 passim
952 583 957 590 .

177 617 246 652 arma
254 603 341 667 jaliaci
352 613 440 671 coepta.
464 601 616 651 Pertinacior
625 613 680 666 pars
691 608 786 648 armata
798 613 841 664 per
852 613 926 647 aver-

178 677 229 730 sam
239 690 338 746 portam
349 680 431 746 erupit
440 697 447 739 ;
464 678 591 742 tutiorque
607 675 642 724 eis
658 673 761 724 audacia
778 674 833 737 fuit,
850 677 928 739 quim

177 755 293 806 incautus
301 755 332 806 ad
343 754 491 806 credendum
503 753 590 802 ceteris
601 766 695 817 pavor:
711 765 773 820 quos
785 749 925 806 circumda-

178 843 218 884 tos
238 833 297 897 igni,
315 835 476 900 nequicquam
489 835 556 881 Deos
576 830 699 895 fidemque
711 831 864 892 invocantes,
883 832 926 878 Sa-

177 909 267 958 mnites
278 919 509 960 concremaverunt.
528 907 655 970 Consules,
664 907 728 955 inter
737 905 760 954 sc
772 905 856 971 partiti
866 920 925 972 pro·

178 988 282 1051 vincias,
299 990 410 1056 Papirius
421 990 447 1037 in
459 987 578 1055 Apuliam
585 986 616 1034 ad
631 985 765 1034 Luceriam
773 984 862 1050 pergit,
879 983 926 1034 ubi

178 1066 273 1132 equites
286 1069 390 1118 Romani
404 1066 496 1119 obsides
511 1064 542 1114 ad
558 1061 680 1113 Caudium
695 1062 747 1112 dati
754 1061 925 1112 custodieban-

177 1153 234 1194 tur:
253 1143 371 1194 Publilius
389 1147 414 1194 in
431 1143 531 1192 Samnio
548 1139 653 1190 substitit
672 1138 790 1189 adversus
801 1139 924 1190 Caudinas

178 1219 295 1283 legiones.
330 1220 452 1269 Distendit
470 1235 500 1267 ea
516 1234 556 1266 res
574 1218 720 1267 Samnitium
730 1217 823 1266 animos
829 1235 836 1275 ;
854 1217 925 1282 quod

177 1311 222 1346 nec
234 1297 265 1346 ad
280 1298 410 1346 Luceriam
422 1298 466 1358 ire,
483 1311 514 1344 ne
530 1295 562 1344 ab
577 1307 648 1359 tergo
662 1294 759 1343 inslaret
770 1293 850 1356 hostis,
876 1310 924 1345 nco

177 1387 285 1436 manere,
301 1387 333 1422 ne
353 1375 458 1422 Luceria
473 1372 573 1422 interim
592 1374 753 1436 amitteretur,
774 1369 830 1420 satis
846 1371 923 1421 aude-

178 1449 248 1498 bant.
283 1452 411 1517 Optimum
427 1451 508 1499 visum
523 1450 556 1499 est
572 1449 728 1501 committere
739 1464 790 1498 rem
808 1449 925 1515 sortunae,

177 1527 204 1578 dt
216 1526 345 1592 transigere
356 1544 414 1578 cum
425 1527 531 1578 Publilio
543 1537 675 1578 certamen.
710 1529 797 1594 Itaque
808 1528 834 1577 in
845 1528 927 1579 aciem

178 1605 262 1672 copias
274 1607 390 1658 educunt.
856 1645 858 1652 r

212 1687 287 1736 xlii.
307 1685 431 1737 Adversus
445 1701 506 1757 quos
524 1685 642 1737 Publisrus
659 1683 743 1734 consul
760 1697 837 1750 quum
849 1683 924 1734 dimi·

178 1772 277 1815 eatutus
298 1760 364 1829 esset,
382 1765 450 1832 prius
473 1763 633 1830 alloquendos
660 1761 749 1811 milites
768 1771 843 1824 ratus,
860 1777 922 1812 coo-

130 1847 134 1852 '
178 1843 276 1892 cionem
287 1843 405 1894 advocari
422 1844 497 1908 jusiit.
532 1847 643 1894 ceterum
659 1840 719 1891 ficut
729 1841 824 1906 ingenti
834 1839 923 1889 atacrn

177 1931 229 1972 tate
240 1921 271 1972 ad
283 1925 426 1990 pretorium
437 1920 585 1974 concursum
595 1921 635 1985 cll,
648 1921 685 1970 ita*
695 1935 745 1988 pra
756 1919 863 1970 clamore
875 1934 924 1985 po·

175 1998 296 2052 scentium
308 2015 416 2068 pugnam
427 2001 493 2048 nulla
509 1999 653 2050 adhortatio
668 1997 821 2062 imperatoris
837 1995 925 2045 audita

176 2073 219 2126 ell-
254 2080 314 2126 Suus
326 2077 414 2138 cuique
431 2073 527 2120 animus
538 2087 634 2120 memor
652 2071 794 2132 ignominia
805 2069 924 2119 adhorta-

175 2163 218 2204 tor
228 2151 320 2202 aderat.
355 2148 456 2199 Vadunt
468 2149 544 2210 iginus
559 2148 583 2194 in
601 2147 711 2212 pralium
723 2156 837 2208 urgentes
848 2146 924 2209 figni-

174 2231 258 2284 seros:
275 2229 309 2290 ἃ,
326 2241 357 2274 ne
373 2239 442 2274 mora
453 2223 479 2270 io
491 2222 612 2271 concursu
624 2221 678 2287 pilis
695 2221 833 2270 emittendis
850 2221 921 2274 strin-

176 2304 309 2371 gendisque
320 2302 377 2352 inde
393 2299 479 2365 gladiis
496 2300 562 2362 esset,
580 2299 637 2366 pila,
654 2299 724 2348 velut
735 2299 798 2349 dato·
808 2299 839 2350 ad
856 2301 881 2351 id
890 2302 921 2353 n-

175 2397 234 2447 gno,
252 2380 381 2444 abjiciunt,
398 2375 529 2442 studisque
547 2376 636 2441 gladiis
648 2375 720 2426 eursu
735 2376 760 2425 in
778 2377 870 2427 hostem
884 2379 921 2428 se·

174 2471 272 2512 cuntur.
308 2457 376 2508 Ninit
396 2456 445 2504 illic
468 2455 633 2522 imperatoria
651 2455 709 2504 artis
729 2453 857 2506 ordinibus
876 2467 922 2508 aut

175 2537 284 2588 subsidiis
294 2534 404 2585 locandis
414 2533 479 2584 suit:
498 2535 581 2583 omnia
593 2529 630 2582 ira
641 2533 752 2582 militaris
761 2538 838 2602 propi
849 2535 923 2585 vesa-

175 2631 210 2668 no
227 2617 323 2683 impetu
341 2615 400 2679 egit.
436 2616 522 2679 Itaque
539 2629 590 2662 non
605 2612 650 2662 susi
667 2613 744 2663 modo
755 2615 833 2664 hostes
850 2611 924 2676 sunt}-

175 2691 226 2755 ted,
242 2709 273 2742 ne
284 2691 365 2741 castris
377 2690 476 2758 quidem
488 2691 536 2740 suis
547 2691 632 2756 sugam
644 2691 763 2759 impedire
774 2691 831 2755 aust,
849 2695 922 2758 Apu-

175 2773 235 2822 liam
252 2771 354 2839 dissrpati
366 2772 473 2837 petiere:
491 2770 623 2819 Luceriam
634 2780 725 2834 tamen,
742 2770 828 2819 cousin
839 2771 921 2820 mrsus

131 2873 134 2876 ·
176 2847 301 2902 inunum
318 2848 423 2912 agmine,
441 2847 473 2896 esi
493 2858 649 2914 perventum.
683 2849 809 2895 Romanos
829 2846 864 2893 i'ra
879 2861 920 2895 ea-

176 2925 242 2990 dem,
259 2941 312 2991 quae
324 2941 367 2993 per
373 2925 481 2974 mediam
494 2926 573 2974 aciem
585 2924 690 2994 hostium
698 2925 793 2986 tulerat,
810 2923 869 2971 &in
879 2917 921 2972 cai

175 3003 223 3056 stra
235 3005 344 3067 pertulit.
362 3005 397 3054 ibi
410 3005 471 3071 plus,
488 3009 560 3070 qudm
578 3005 603 3054 in
620 3003 680 3062 acie,
699 3000 821 3066 sanguinis
832 3017 861 3051 ac
873 3019 920 3054 cas·

174 3081 323 3150 &siusium
339 3081 475 3154 praedaeque
489 3099 544 3152 pass
556 3083 644 3149 major
653 3081 690 3132 iri
705 3071 921 3197 corruptaercailitfli¹
972 3149 977 3154 ·
