2076 3612
172 251 207 298 44
434 234 470 281 Τ.
505 231 527 280 L
545 231 558 280 1
575 233 629 282 VI
647 232 661 280 t

170 324 246 374 licet?
260 337 321 390 qoem
332 319 433 388 semestri
446 322 561 384 diiiatnrd,
578 339 639 388 quem
653 322 776 388 interregno
787 322 877 390 quinque
887 321 925 372 tt·

170 416 231 451 erum
242 408 361 450 contentum
367 399 422 463 fore
431 401 514 466 putes?
532 416 592 465 quem
603 399 759 466 clovifigendi,
776 410 814 450 out
824 400 925 450 ludorum
1022 399 1023 402 ’

170 478 236 526 canni
250 477 374 526 litiatorem
385 477 485 526 audatior
501 479 578 526 crees?
613 479 688 543 Qnim
701 475 735 538 isti
746 477 871 540 stolidosac
883 480 923 544 so-
1023 467 1024 490 ³

169 555 242 604 cordes
253 556 326 606 vileri
336 555 424 607 creditis
435 571 476 617 eos,
493 557 527 622 qui
538 556 597 606 intra
608 555 734 619 vicefimnm
746 555 810 618 diem,
826 556 922 623 ingenti·

170 632 208 680 ins
219 632 280 680 rebus
285 631 360 698 gestis,
377 631 483 682 attornet
488 634 514 698 se
530 631 692 694 abdicaverant,
707 640 746 680 ant
759 634 795 700 qni
805 633 862 682 vitio
873 647 923 682 cre-

171 706 471 773 atiolieruntmagistrotu?
506 709 842 775 Qidegoantiqnorepetam?
865 712 923 758 Nn·
1026 710 1027 722 ¹

168 785 280 852 perintra
292 785 362 834 docem
373 802 437 836 annos
451 789 476 836 C.
489 786 693 846 Montasttttanr,
702 787 758 851 qnia,
767 803 830 853 qaum
842 785 924 852 questi-

172 864 334 926 onesseveriics,
350 867 417 930 quim
429 863 549 931 quilnfiiam
558 862 677 930 potentibus
687 873 756 912 antron
768 873 822 924 erat,
840 879 925 914 exerce·

171 948 216 1003 ret,
233 940 328 1006 contagio
344 941 398 1005 ejus,
414 943 469 1008 quod
477 943 578 1008 querebat
595 941 649 1006 ipse,
665 941 762 989 criminis
779 939 882 1004 oljoliata
896 940 923 988 ai

172 1019 266 1069 inimicis
278 1019 315 1084 est,
332 1029 356 1068 ut
372 1021 477 1086 privatos
496 1020 586 1070 niviim
602 1020 644 1068 iret
663 1019 757 1080 crimini,
774 1019 884 1070 diHatard
895 1021 923 1084 se

172 1093 292 1144 abdicavit.
328 1096 388 1145 Nolo
400 1113 437 1162 ego
449 1095 511 1158 islam
522 1098 576 1146 inte
590 1093 722 1158 molestiam,
739 1111 765 1144 ne
776 1095 923 1162 degenerave-

173 1172 205 1221 rit
224 1175 240 1220 a=
255 1173 347 1236 familia
364 1173 529 1238 imperiafiffima
546 1174 573 1223 ir
586 1172 755 1238 superliffima:
771 1173 863 1234 mulie,
880 1191 923 1224 non

117 1241 120 1248 ’
174 1247 305 1309 tartacitae,
322 1249 388 1314 quim
398 1247 474 1317 neceffe
488 1247 524 1312 est,
534 1249 661 1316 magistratu
671 1249 762 1311 alirris;
781 1250 873 1299 modoine
882 1267 922 1302 ex·

173 1323 428 1390 celasfinitnmtempus.
463 1325 568 1392 Sotisest,
585 1325 695 1386 antliam,
713 1333 751 1374 aot
768 1326 859 1391 mensem
876 1342 924 1374 cerr·

167 1403 225 1468 fiere
232 1403 347 1466 adjicere?
367 1405 502 1467 Triennium,
520 1405 596 1470 inant,
607 1403 634 1452 la
640 1405 681 1469 ser
692 1405 770 1469 menses
781 1402 845 1464 ultra,
857 1404 924 1469 quim

174 1477 224 1528 licet
233 1479 327 1528 AEmtttt
337 1479 390 1547 lege,
408 1482 516 1546 censuram
524 1495 611 1550 geram,
629 1481 656 1530 tr
661 1480 719 1546 solus
726 1495 813 1547 geram.
830 1479 867 1528 boc
877 1480 926 1546 qui-

174 1556 223 1606 lem
228 1557 280 1620 jam
291 1573 356 1626 regno
364 1557 437 1622 ſsmile
447 1557 486 1623 esi.
522 1560 562 1608 An
573 1559 673 1625 collegam
677 1558 811 1625 sccirogaiis,
826 1573 886 1624 quem
898 1572 925 1606 ne

173 1635 197 1687 in
208 1635 312 1684 demortui
323 1637 410 1703 quidem
420 1636 488 1686 locum
499 1637 612 1704 subrogari
616 1637 657 1701 fas
668 1635 717 1700 est?
750 1636 844 1686 Paenitet
857 1635 924 1698 enim,

173 1713 228 1780 guil
238 1713 498 1781 antiquifflmumsolcnne,
515 1715 543 1766 to
552 1715 623 1781 solum
632 1711 658 1762 al
672 1715 724 1780 ipso,
741 1714 774 1764 cui
783 1713 821 1778 fit,
837 1713 924 1776 institu-

173 1798 221 1840 tum
233 1792 289 1853 Deo,
305 1793 331 1841 ai
348 1790 477 1858 noiilifflmis
490 1789 620 1856 antistitibus
637 1791 682 1856 ejus
693 1791 753 1858 sacri
771 1792 800 1840 nd
807 1792 924 1856 sanonum

174 1867 315 1932 ministerium
323 1870 432 1938 religiofln
444 1873 515 1938 censor
525 1869 636 1934 deduxisti.
651 1885 705 1936 gens
718 1870 823 1936 antiquior
834 1870 924 1936 origini-

175 1945 357 2012 lutnrlrislruius‚
374 1949 463 2018 bospitio
471 1953 571 2001 Deorum
582 1950 735 2000 immortalium
737 1948 821 2014 foralia,
835 1958 927 2014 propter

177 2034 233 2076 teao
248 2028 489 2095 tuamcersuramintra
503 2027 614 2076 annnmai
623 2025 805 2091 stirpeexstiatta
819 2026 868 2088 est:
886 2027 927 2092 rifi

174 2107 301 2173 universam
309 2106 462 2172 rempublicam
475 2122 498 2154 eo
509 2107 595 2167 nefario
608 2102 751 2165 obstrinxeris,
767 2104 821 2166 quod
833 2105 929 2158 ominari

178 2187 246 2234 etiam
251 2185 382 2247 reformidat
391 2183 484 2230 animus.
518 2181 576 2229 Uris
585 2197 608 2229 ea
618 2179 681 2242 lustro
691 2188 755 2243 capta
768 2178 806 2242 est,
823 2195 870 2246 quo,
887 2183 926 2232 de.

74 2306 76 2310 .
109 2325 114 2332 ἱ
177 2261 346 2328 mortuocollegi
362 2263 388 2308 C.
401 2260 461 2324 Julio
472 2259 561 2324 censore,
578 2261 607 2306 L.
618 2257 720 2322 Papirius
734 2259 818 2324 Curstor,
836 2275 862 2308 ne
878 2260 926 2312 aii.

176 2347 211 2388 ret
228 2337 362 2404 magistrata,
380 2338 424 2385 Μ.
444 2336 564 2386 Cornelium
577 2333 754 2401 Maluginensem
765 2337 866 2405 collegam
872 2339 925 2406 fieb-

176 2418 274 2482 rogavit.
309 2416 343 2465 Et
360 2424 436 2481 quanta
453 2414 565 2478 modestior
584 2414 640 2463 illius
659 2414 767 2479 cupiditas
779 2417 836 2480 fnit,
859 2422 926 2483 quim

178 2502 224 2556 tua,
243 2493 330 2558 Appi?
364 2492 488 2558 Necsolus,
504 2507 542 2539 nec
558 2493 615 2540 ultra
629 2491 719 2554 finitum
735 2490 782 2558 lege
798 2502 882 2560 tempus
895 2497 924 2543 L.

177 2571 282 2636 Papirius
292 2571 400 2632 cenficrnm
407 2573 478 2635 gefflt,
489 2579 562 2619 tamen
573 2571 679 2619 neminem
687 2571 780 2635 invenit,
788 2561 855 2638 'quise
865 2572 926 2639 post-

177 2665 203 2698 ca
213 2647 319 2698 uallarem
325 2650 458 2714 sequeretur.
475 2665 545 2698 ornnes
556 2649 653 2716 deinceps
669 2651 762 2719 censores
777 2651 823 2716 poll
835 2661 927 2700 mortem

174 2726 563 2792 collegaesernagiflratnaldicoirunt.
598 2731 640 2790 Te,
657 2745 695 2778 nec
709 2729 762 2795 quid
774 2729 926 2778 diesenitcen·

173 2803 237 2868 sore,
254 2817 291 2851 nec
302 2803 357 2868 quil
371 2805 450 2872 collega
469 2805 597 2870 magistratu
614 2805 675 2867 abiit,
692 2822 730 2855 neo
748 2807 788 2866 Iex,
805 2821 842 2853 neo
857 2809 928 2872 pudor

178 2885 279 2929 coircet:
296 2881 403 2930 virtutem
414 2881 549 2948 insuperlia‚
566 2883 693 2945 irraadacia,
710 2884 733 2931 in
743 2891 863 2947 contemptu
877 2885 928 2933 De-

178 2971 238 3007 orum
255 2959 400 3025 hominumque
417 2962 487 3026 ponis.
522 2963 574 3029 Ego
591 2971 620 3025 te,
638 2963 687 3027 Ap.
708 2959 791 3019 ctaott,
810 2972 850 3025 pro
868 2961 928 3025 istim

179 3035 318 3106 magistralis
332 3037 479 3102 majestatem
497 3041 634 3106 verecundia,
651 3053 713 3108 quem
725 3037 815 3106 gcffifli
830 3055 870 3090 non
881 3055 927 3162 mg:

913 3129 929 3164 o
