2076 3612
192 260 223 308 42
440 237 676 296 ‘'r.L1v11

187 334 254 383 mori
267 334 364 385 Tuscos
376 351 427 385 nox
441 337 551 397 teiisset3
570 338 603 385 ita
615 347 643 386 ut
655 335 760 384 vislores
772 334 850 402 prinu,
871 339 952 401 quim

171 409 259 474 vieti,
278 412 402 477 pugnandi
424 411 498 461 finem
519 414 635 462 Iacerent
672 411 726 462 Post
748 429 807 460 occa
810 411 866 460 sum
890 404 951 460 (olis

184 485 284 549 signum
297 493 404 556 receptui
415 491 558 540 statumen:
578 489 648 539 nosie
662 490 693 538 ab
705 499 812 554 utroque
827 489 856 537 in
870 489 951 538 casira
1024 541 1025 554 χ

189 564 305 614 reditum
341 570 392 616 Nec
412 567 500 616 deinde
518 568 650 633 quicquam
662 581 692 614 eo
710 581 776 614 anno
792 567 828 614 rei
845 580 949 614 memo·
1024 557 1025 564 ¹

188 641 227 689 tii
244 641 324 705 dignae
338 643 402 709 apud
416 645 522 694 Sutrium
535 645 626 708 gestum
641 643 687 702 esl;
706 643 762 706 quia
779 643 804 691 8<
815 657 849 690 ex
870 642 950 690 holli-
1024 695 1025 714 ἶ

189 731 232 765 um
243 721 354 768 exercitu
364 721 442 785 prima
455 731 508 768 tota
521 721 585 768 acies
602 718 681 768 deleta
693 735 743 766 uno
753 719 839 783 proelio
853 717 951 779 suerat,
1024 765 1025 778 ,

189 792 335 844 subsidiariis
355 796 432 844 modo
453 795 550 858 relislis,
568 797 614 843 vix
627 794 693 859 quod
712 793 767 842 satis
779 792 836 842 esset
853 794 886 842 ad
907 809 950 842 ca·
1024 847 1025 850 Ἴ

187 871 293 922 ilrorum
306 873 459 940 praesidium:
479 873 504 922 8<
523 872 588 939 apud
601 875 726 920 Romanos
743 881 839 920 tantum
854 871 950 918 vulne-

189 963 244 999 rum
264 952 320 1013 suit,
338 963 366 1000 ut
386 952 466 1017 plures
487 952 538 1016 post
559 951 671 1018 proelium
692 949 766 998 saucii
787 941 949 1012 decesserint,

191 1032 267 1090 quam
280 1029 438 1078 ceciderant'
433 1045 458 1076 in
470 1029 532 1076 acie.

225 1109 352 1154 XXXIII.
373 1110 406 1170 Q.
420 1106 517 1167 Fabius,
537 1102 682 1168 insequentis
699 1102 757 1152 anni
773 1102 870 1166 consul,
890 1103 947 1151 bel·

190 1177 241 1227 lum
261 1179 292 1228 ad
312 1183 419 1230 Sutrium
440 1181 546 1247 excepit.
569 1180 668 1243 ,collega
688 1179 765 1227 Fabio
786 1183 814 1226 C
830 1183 948 1228 Marcius
1024 1235 1025 1238 Ἴ

190 1257 288 1306 Rutilus
300 1257 370 1307 datus
381 1259 422 1306 est.
460 1262 575 1306 Ceterum
593 1258 617 1306 &
637 1257 727 1304 Fabius
743 1255 947 1322 supplementum
1024 1271 1025 1276 ¹

189 1333 223 1384 ab
235 1339 315 1384 Roma
326 1335 440 1398 adduxit,
467 1337 493 1385 ἃ
513 1351 594 1384 novus
614 1335 737 1384 exercitus
753 1334 829 1384 domo
847 1336 948 1384 accitus

189 1412 296 1461 Etruscis
309 1415 387 1463 venit.
423 1415 540 1464 Permulti
553 1415 611 1463 anni
624 1414 677 1476 jam
693 1424 770 1474 erant,
788 1429 866 1478 quum
879 1416 949 1463 inter

189 1489 307 1560 patrieios
320 1491 475 1554 magistratus
488 1489 653 1556 tribunosque
669 1490 735 1538 nulla
746 1491 881 1540 certamina
894 1491 952 1540 sue·
1024 1493 1025 1502 ¹

188 1576 261 1616 rant:
279 1581 356 1632 quum
369 1584 402 1618 ex
419 1585 448 1617 ea
464 1569 568 1632 familia,
587 1585 640 1634 quae
653 1569 722 1618 velut
739 1568 818 1618 satalis
830 1579 884 1618 tum
899 1570 946 1618 tri-

189 1643 261 1692 bunis
281 1660 311 1693 ac
329 1647 395 1712 plebi
413 1657 474 1708 erat,
492 1658 616 1696 certamen
629 1647 717 1696 oritur.
753 1650 802 1712 Ap.
823 1647 945 1696 claudius

188 1719 285 1785 censor,
303 1722 454 1774 circumasiis
467 1725 551 1774 decem
564 1725 589 1775 ἃ
602 1723 659 1774 osto
669 1723 798 1789 mensibus,
816 1725 883 1790 quod
898 1727 945 1774 AE-

187 1800 258 1848 milii
280 1801 334 1866 lege
354 1803 453 1853 finitum
473 1803 578 1854 censurae
604 1803 710 1870 spatium
738 1803 855 1870 temporis
878 1813 944 1867 erat,

189 1893 267 1944 quum
281 1885 309 1930 C.
324 1883 432 1934 Plautius
444 1883 539 1948 collega
551 1884 602 1948 ejus
612 1883 753 1948 magistratu
765 1881 789 1931 se
800 1881 944 1947 abnuisset,

189 1957 256 2008 nulli
274 1961 301 2010 vi
319 1963 443 2030 compelli,
461 1953 639 2024 evindicaret,
657 1963 748 2028 potuit.
785 1963 812 2010 P.
826 1967 945 2026 Sempro-

189 2035 245 2084 nius
265 2048 318 2086 erat
329 2040 450 2088 'tribunus
470 2039 561 2103 plebis;
580 2039 621 2100 qui
634 2035 745 2084 finiendae
757 2035 863 2084 censurae
875 2037 945 2086 intra

187 2111 327 2176 legitimum
345 2125 440 2180 tempus
458 2112 579 2160 astionem
597 2112 740 2174 susceperat,
763 2124 814 2157 non
832 2114 943 2174 popula·

187 2204 240 2239 rem
252 2191 338 2252 magis,
351 2197 424 2254 quim
434 2190 522 2252 justam
532 2208 539 2249 ;
549 2203 594 2236 nec
606 2190 632 2234 in
644 2186 740 2246 vulgus,
753 2189 826 2247 quim
839 2189 942 2252 optimo

113 2297 118 2307 ι
189 2267 286 2328 cuique,
305 2266 448 2328 gratiorem.
484 2267 516 2326 Is,
526 2279 603 2328 quum
615 2261 749 2310 identidem
762 2261 841 2324 legem
860 2267 943 2315 AEmi.

187 2342 247 2390 liam
263 2343 384 2400 recitaret,
402 2339 574 2406 auiloremque
591 2340 642 2402 ejus
660 2341 739 2386 Mam.
753 2339 881 2390 AEmilium
899 2343 939 2393 di-

187 2419 306 2469 slatorem
317 2419 428 2468 laudibus
440 2417 514 2466 ferret
524 2437 530 2478 3
543 2419 584 2482 qui
595 2416 802 2483 quinquennalem
812 2421 867 2468 ante
878 2435 936 2469 cen·

188 2497 278 2557 suram,
297 2497 321 2544 ἃ
333 2497 514 2562 longInquitate
526 2497 667 2562 potestatem
677 2493 853 2559 dominantem,
872 2499 937 2548 intra

187 2572 361 2623 sermensrum
380 2573 406 2657 &r
422 2574 479 2622 anni
498 2573 612 2636 coegisset
625 2572 746 2640 spatium
765 2575 819 2638 Dic,
837 2577 935 2642 ag,edum

187 2649 278 2713 inquit,
297 2651 345 2714 Ap
360 2631 442 2712 Claudi,
458 2652 558 2717 quidnam
564 2649 666 2714 fasiurus
672 2651 754 2714 fueris,
766 2651 788 2716 st
780 2669 821 2701 reo
832 2662 936 2718 tempore,

186 2727 266 2790 quoC.
280 2727 359 2774 Furius
372 2729 399 2777 so
412 2730 455 2776 Μ
470 2729 582 2794 Gegamus
594 2729 687 2792 censores
699 2728 800 2792 suerunt,
817 2730 888 2794 censor
893 2731 936 2792 fu

187 2801 258 2868 iffiu?
293 2804 390 2864 Negare
403 2805 506 2871 Applus,
525 2805 712 2872 interrogationem
729 2803 770 2854 trib
771 2805 807 2852 uni
825 2821 901 2870 magno
911 2822 934 2854 o-

186 2889 240 2945 pere
252 2879 374 2943 adtonsum
382 2884 492 2946 pertinere
497 2885 571 2948 fitann
589 2899 647 2944 nam,
666 2879 703 2944 etfi
714 2881 802 2929 tenuerit
814 2879 848 2928 lex
859 2883 935 2930 AEmi·

188 2955 219 3004 lia
231 2971 263 3004 cos
273 2956 372 3020 censius,
384 2974 469 3022 quorum
481 2961 503 3008 in
515 2957 641 3024 magistratu
655 2958 701 3005 lata
712 2953 767 3021 effer,
776 2957 825 3022 quia
831 2955 879 3022 post
890 2958 935 3006 illos

120 3087 126 3094 ,
188 3035 282 3102 censores
301 3043 381 3088 creatos
393 3051 441 3088 ram
460 3037 529 3108 legem.
539 3031 730 3108 populusjufflffet,
747 3034 838 3102 quodque
850 3035 933 3101 postre-

874 3125 934 3164 mum
