2062 3640
215 221 266 281 'm
470 217 696 272 'r.Lrv11

156 301 158 306 ’
205 319 255 372 que
267 306 292 356 in
304 319 360 357 curn
379 308 481 370 tragulae
492 305 618 371 conjesiae,
638 306 662 355 u
675 307 752 372 prope
767 313 825 356 totn
847 305 878 356 in
896 321 975 357 unum

204 381 271 432 ccicc
283 382 371 433 versae
390 384 431 435 sed
448 401 527 450 neque
545 385 652 434 hostium
669 383 817 446 multitudo,
839 399 928 451 neque
941 397 973 433 te·

204 457 288 509 inrum
302 461 341 510 vis
353 477 437 512 arcere
446 464 568 530 impetum
578 462 632 526 ejus
640 462 689 510 viri
700 473 854 528 potuerunt.

241 539 289 584 VI·
308 540 340 589 Et
352 543 390 588 M.
412 542 502 590 Atilius
521 540 622 602 legatus,
640 539 713 607 primi
732 540 860 606 principis
881 555 915 588 ex
935 556 970 588 ca-

175 630 178 636 ·
205 610 264 664 dem
277 615 383 681 ,legione
399 619 491 683 signum
510 617 594 668 inserui
610 619 636 667 in
651 619 783 668 cohortem
795 617 968 685 Hispanorum

206 693 300 754 tuigit.
334 697 375 754 Et,
386 696 436 761 ·qui
451 695 530 744 castris
550 705 679 762 praeerunt,
696 697 727 743 L.
740 693 849 744 Porcius
869 695 968 744 Licinn

207 766 234 818 ἃ
249 771 285 818 Τ.
303 772 423 838 Popilliuc
435 773 509 838 legati
520 787 567 838 pro
577 773 645 822 vallo
657 773 748 820 a'critcr
760 787 846 838 propu
850 784 940 836 gnane,
947 787 967 818 e-

205 843 388 914 lephautosque
400 848 603 913 transgredientes
618 848 643 897 in
661 846 716 912 ipso
733 849 803 896 vaslo
816 848 966 898 conficiunt.

127 979 132 986 g
203 937 316 988 quorum
328 928 474 994 corporibus
484 941 560 991 quum
573 925 674 992 oppleta
683 924 741 973 essct
750 925 823 987 fossa,
842 927 918 974 velut
927 941 968 988 ag-

203 1015 318 1064 gereaut
333 1015 409 1070 ponte
427 1001 526 1067 injesio,
544 1001 670 1052 transitum
689 1002 799 1050 hostibus
808 1001 892 1050 dedit.
930 1003 965 1052 lbi

208 1091 253 1143 per
263 1079 367 1144 stragem
382 1081 518 1144 jacentium
536 1078 724 1145 elephantorum
736 1085 813 1128 atrox
831 1077 904 1126 edita
922 1094 966 1126 cae·

201 1155 260 1205 :den
279 1159 363 1208 Altera
375 1161 400 1208 in
411 1163 479 1225 parte
489 1157 621 1207 castrorum
631 1155 682 1218 jam
695 1153 792 1220 impulsi
805 1165 883 1204 crant
894 1159 965 1204 Cann-

117 1233 118 1236 ’
207 1233 268 1299 pani
288 1236 456 1298 Punicumque
472 1232 618 1301 prandium,
637 1231 662 1280 n
682 1229 727 1278 sub
748 1228 800 1296 ipsa
822 1241 900 1296 porta
919 1235 965 1278 Ca·

202 1323 271 1376 pua,
295 1325 349 1374 quae
368 1311 519 1362 Vulturnum
540 1309 596 1373 sert,
614 1308 785 1376 pugnabatur:
810 1324 895 1372 neque
917 1319 966 1356 tam

201 1387 296 1436 cuneati
307 1387 501 1450 irrumpentibus
514 1387 633 1438 Romanis
642 1385 788 1446 resistebant,
807 1390 887 1450 quatu
900 1383 965 1450 quod

205 1474 288 1530 porta,
313 1463 412 1514 ballistis
436 1463 657 1530 scorpionibusque
680 1463 802 1524 insontia,
834 1464 964 1518 miffilibur

203 1541 293 1604 procul
305 1541 383 1590 hostes
395 1541 504 1590 arcebat.
523 1541 547 1590 ἃ
561 1540 687 1607 suppressit
700 1541 823 1606 impetum
833 1543 964 1590 Romano·

203 1631 261 1670 rum
277 1619 368 1670 vulnus
385 1619 542 1685 imperatoris
563 1623 611 1684 Ap.
633 1617 746 1666 Claudii:
767 1619 816 1680 cui,
835 1617 895 1668 suos
907 1631 963 1668 ante

205 1698 286 1763 prima
306 1696 372 1760 signa
388 1696 541 1761 adhortanti,
565 1696 610 1744 sub
626 1696 691 1747 sevo
712 1697 816 1746 humero
836 1695 962 1746 summurn

205 1775 289 1843 pestus
300 1773 366 1839 gaeso
377 1774 453 1826 istum
466 1774 509 1830 est.
543 1777 637 1840 Magna
649 1783 732 1832 tamen
742 1773 781 1820 vis
794 1773 906 1824 hostium
919 1790 962 1823 au·

204 1864 231 1904 te
243 1864 340 1920 portam
353 1852 385 1902 est
396 1851 472 1907 casa:
491 1852 566 1902 ceteri
578 1849 669 1916 trepidi
687 1851 712 1898 in
727 1849 960 1916 urbem'compulfi.

200 1932 238 1982 Et
249 1931 383 1994 Hannibal,
400 1931 531 1998 postquam
542 1929 653 1986 cohortis
668 1925 838 1994 Hispanorum
855 1927 961 1992 stragem

199 2009 279 2074 ntdte,
299 2009 443 2076 {munique
463 2011 493 2058 vi
513 2007 588 2060 castra
609 2006 714 2056 hostium
736 2003 844 2068 defendi,
868 2005 961 2055 omissi

199 2089 402 2166 oppugnatione,
415 2088 523 2154 recipere
535 2085 609 2150 figna,
621 2084 646 2134 δι
659 2094 804 2138 convertere
815 2097 909 2146 agmen
921 2097 962 2148 pe·

112 2157 117 2164 ’
198 2165 294 2224 ditum,
312 2166 411 2229 objetto
421 2173 434 2216 u
444 2179 515 2232 tergo
527 2165 647 2232 equitatu,
664 2177 695 2214 ne
705 2162 777 2212 hostis
786 2160 896 2224 instaret,
915 2177 962 2212 cce·

203 2243 250 2309 pit.
286 2243 428 2306 Legionnm
439 2243 514 2294 ardor:
528 2245 614 2308 ingens
626 2241 657 2298 ad
671 2239 764 2291 hostem
776 2237 960 2302 insequendum

203 2317 266 2368 suit:
285 2319 325 2372 seu
341 2321 442 2374 Flaccus
455 2315 565 2390 receptui
582 2320 637 2371 cani
644 2319 727 2384 jussit;
744 2315 797 2366 satie
810 2314 849 2362 ad.
861 2325 960 2365 utrum·

201 2411 253 2462 que
266 2396 404 2462 profestum
416 2410 492 2462 rarus,
509 2411 539 2448 ut·
547 2401 572 2449 ἃ
585 2398 716 2464 Campani,
733 2397 802 2460 quam
811 2390 880 2442 haut
890 2395 958 2444 mut-

154 2508 158 2518 i
204 2485 258 2526 tum
270 2477 295 2526 in
311 2465 449 2526 Hannibale
464 2467 567 2541 praesidii
580 2477 645 2540 esset,
663 2477 688 2526 ἃ
701 2475 753 2542 ipse
764 2471 890 2541 Hannibal
902 2471 954 2524 sen·
1004 2535 1005 2552 χ

204 2553 271 2602 tinen
304 2551 375 2601 'Casa
385 2567 415 2600 eo
428 2551 476 2616 die,
495 2555 538 2618 qui
550 2555 623 2618 hujus
634 2571 721 2622 pugna
732 2552 845 2613 auctores
855 2550 918 2614 sunt,
930 2568 954 2602 o
1003 2553 1005 2604 J

197 2629 245 2684 ,sto
263 2629 341 2681 millia
358 2629 488 2682 hommum
508 2632 702 2688 dc.Hannibalis
718 2632 841 2691 exercitu,
859 2633 906 2680 tria
923 2644 954 2680 err

205 2707 338 2774 Campanis
355 2707 472 2760 tradunt:
491 2708 605 2778 signaque
626 2708 871 2774 Karthaginiensibus
882 2711 953 2775 ¹quin·

204 2783 286 2836 decim
296 2785 420 2852 adempta‚
438 2785 613 2854 duodeviginti
629 2789 770 2855 Campanis.
806 2787 881 2853 Apud
896 2788 953 2837 alios

204 2853 360 2927 nequaquam
372 2873 466 2913 tantam
478 2867 569 2916 molem
586 2865 781 2932 pugnacinvcni,
800 2863 904 2930 plusque
914 2879 952 2930 pa·

204 2936 283 2999 voris,
301 2942 375 3002 qu‘arn
388 2941 536 2999 certaminis,
552 2940 636 2990 fuisse:
655 2955 731 3004 quum
741 2940 873 3004 inopinato
883 2941 908 2986 in
917 2953 951 2986 ca·

204 3011 374 3070 &anonam
389 3015 502 3070 Numida
511 3015 734 3084 Hispanique-cum
747 3015 884 3081 elephantis
894 3015 949 3063 ient·
1004 3005 1005 3028 ¹

473 3087 476 3094 '
851 3085 947 3158 pitseum
