2062 3640
324 219 491 288 trien
525 233 611 288 xxv.
791 241 844 303 cor

95 327 237 376 traherent:
249 323 443 390 quotidianaque
455 324 541 374 lunera
553 325 578 374 de
589 321 701 376 montoir
713 323 800 376 oeulos
809 326 846 377 es-

95 405 142 462 set,
166 400 320 467 &undique
337 400 391 450 dier
410 399 542 465 noilcsque
563 401 674 466 ploratus
692 401 849 454 audirentur.

94 480 223 548 postremo
234 479 268 528 ita
284 477 436 534 assuetudine
451 478 510 528 mali
522 477 684 530 efferaverant
695 479 801 543 animoa,
818 491 848 530 ua

99 573 153 609 non
165 556 240 606 modo
255 556 362 609 lacrimis
377 553 492 622 julioque
503 556 659 623 comploratu
670 558 849 624 prosequeteu·
914 614 918 621 ,

93 644 143 684 tut
153 643 272 695 mortuos,
290 629 330 682 sed
346 646 378 681 ne
394 629 509 683 efferrent
525 632 634 698 quidem,
650 641 694 682 aut
712 632 851 700 sepelirent,
944 653 946 660 ¹

96 711 256 774 iacerentque
266 709 339 760 llrata
356 710 473 761 exanima
485 723 592 778 corpora
604 711 630 760 in
643 709 773 778 conspeetu
784 711 860 760 simi-¹

98 790 149 838 lem
169 797 276 838 mortem
295 785 507 853 exspeiiantium;
523 787 668 852 mortuique
686 801 772 852 agros,
790 784 850 852 agii

99 862 206 928 validos,
223 867 281 914 cum
292 873 371 924 metu,
386 873 440 914 tum
454 861 512 912 tabe
531 878 559 912 ac
577 861 692 930 peslisero
704 863 781 914 odore
792 879 850 914 cor·

98 955 198 1008 porum,
215 939 377 992 conficerent.
395 940 430 1001 δε,
447 949 476 988 ut
495 938 563 990 serro
582 940 666 1006 potitis
682 953 850 1008 morerentur,

82 1016 203 1081 quidam
214 1016 365 1070 invadebant
376 1016 422 1068 soli
437 1016 543 1066 hostium
556 1015 680 1066 stationes.
714 1018 798 1068 Multo
811 1029 849 1068 ta.

94 1109 161 1150 men
172 1095 210 1142 vis
221 1094 301 1156 major
312 1095 383 1160 peltis
394 1097 528 1146 Poenorum
538 1093 622 1157 casira,
641 1099 716 1159 quim
725 1097 851 1162 Romane,

97 1170 156 1234 (diu
174 1169 372 1224 circumsedendo
389 1171 528 1239 syracusas,
547 1166 744 1238 eoelo'aquisque
764 1171 851 1224 adsud-

17 1275 19 1280 ’
99 1249 256 1314 tantmogis)
273 1249 398 1302 affecerat.
432 1253 473 1300 Ex
485 1249 592 1300 hollinm
602 1251 714 1300 exercitu
727 1251 851 1313 siculi,ut
900 1255 903 1262 ’

91 1326 208 1393 :primum
226 1324 311 1378 videre
328 1341 366 1378 ex.
379 1327 504 1391 gravitate
523 1327 573 1375 loci
585 1327 683 1390 vulgari
693 1327 805 1392 morbos,
823 1327 851 1379 itt

91 1404 153 1456 rsuas
165 1405 265 1470 quisque
274 1407 429 1474 propinquas
440 1404 514 1457 urbes
525 1404 609 1471 dilapsi
622 1403 686 1454 sunt.
704 1415 730 1454 at
743 1406 850 1456 Kartha·

98 1481 227 1546 giniensee,
239 1485 329 1548 qulbus
341 1482 461 1548 nusquam
473 1493 586 1547 receptur
597 1494 658 1544 etat,
670 1497 726 1534 cum
738 1483 794 1552 ipsrs
802 1485 849 1534 du·

98 1560 170 1610 cibus
182 1559 336 1626 Hippocrate
347 1570 421 1627 atque
438 1560 589 1625 Himilcone,
607 1560 638 1611 ad
654 1562 850 1613 internecionem

97 1649 188 1687 otnnee
205 1636 340 1701 perierunt.
374 1637 513 1698 Marcellus,
530 1647 559 1688 ut
574 1648 643 1686 tanta
659 1639 700 1688 vit
716 1639 849 1704 ingruebat

96 1714 168 1776 mali,
185 1711 329 1764 traduxerat
346 1713 373 1763 in
388 1715 476 1764 urbem
493 1714 565 1764 suoee
584 1714 730 1778 infimaqlle
741 1727 850 1782 corpora

97 1791 162 1842 tesia
173 1789 201 1844 dt
216 1790 314 1842 umbre
328 1801 509 1844 remeaverant.
528 1790 601 1840 multi
612 1800 697 1840 tamen
709 1801 742 1840 et
753 1793 849 1858 itoma-

97 1883 134 1922 ιο
145 1869 260 1920 exercitu
270 1868 356 1920 eidem
367 1871 433 1938 petie
443 1869 567 1936 abstunpti
579 1869 646 1918 sunt.

89 1975 108 1992 ·.
131 1947 356 1997 xxvl1.neleto
377 1945 483 1998 terrellri
504 1946 600 1996 Punico
621 1945 742 2008 exercitu,
765 1943 849 2010 Siculi,

97 2023 141 2089 qui
152 2025 313 2092 Hippocratis
324 2026 416 2077 militet
429 2026 537 2088 fuerant,
556 2025 582 2074 in
600 2021 665 2074 ln'aud
675 2037 765 2088 magna
777 2023 850 2092 oppl-

93 2099 137 2162 da,
154 2105 265 2154 ceterum
275 2103 301 2156 ὰ
312 2102 358 2154 fite
369 2105 395 2156 de
405 2101 566 2156 munimentis
577 2112 639 2163 tuta,
656 2101 714 2164 (trie
726 2101 803 2152 millia
813 2101 849 2152 al·

98 2190 179 2230 terum
197 2181 229 2230 ab
247 2182 378 2247 syracusus,
399 2183 505 2232 alterum
523 2179 665 2246 quindecim
682 2179 759 2242 abest)
776 2181 806 2228 ed
822 2177 850 2231 ὰ

95 2270 249 2310 contueatur
268 2263 283 2310 e
299 2261 446 2312 civitatibus
458 2259 507 2316 suia
521 2257 721 2328 comportabant,
739 2259 764 2310 ἃ
775 2257 850 2308 auxi·

94 2335 129 2386 lia
138 2336 300 2387 arcessebant.
334 2341 434 2390 interea
446 2337 577 2402 Bomilcar,
595 2337 684 2386 iterum
702 2351 760 2385 oum
778 2333 850 2386 classe

95 2412 221 2478 proselitis
233 2415 419 2480 Karthaginem,
431 2418 466 2466 ita
478 2414 589 2482 expositi
601 2415 701 2466 sortuni
713 2413 848 2478 sociorum,

94 2499 126 2538 ett
137 2487 205 2552 spem
216 2488 316 2551 faceret,
333 2506 387 2542 nou
397 2492 452 2558 ipsis
460 2493 538 2543 modo
552 2491 682 2544 salutarem
703 2507 778 2559 opem
789 2487 869 2542 seret·

98 2565 175 2634 polle,
193 2562 235 2612 sed
243 2567 370 2616 Romanos
377 2583 477 2632 quoque
485 2570 512 2620 in
523 2581 595 2637 cepta
607 2569 795 2636 quodammodo
805 2583 848 2619 ur·

97 2640 131 2690 be
142 2640 206 2706 capi,
225 2641 340 2708 perpulit,
358 2653 387 2692 ut
395 2647 518 2696 onerarias
529 2663 605 2697 naves
617 2648 810 2714 quamplurimas
818 2661 848 2701 ο·

97 2717 152 2768 mni
164 2719 239 2785 eopii
257 2733 339 2769 rerum
351 2721 447 2772 onuslas
457 2721 538 2774 seeum
549 2726 684 2787 mitterent,
701 2725 849 2788 classemque

96 2794 166 2856 suam
178 2807 308 2859 augerent.
326 2798 409 2862 igitur,
422 2811 521 2851 centum
533 2803 635 2864 triginta
648 2802 755 2852 navibus
766 2800 848 2863 longis

97 2873 123 2924 de
135 2872 297 2939 septingentis
314 2878 432 2929 onerariis
450 2878 573 2946 proseslus
586 2885 601 2928 ὰ
613 2881 772 2942 Karthagine,
791 2877 848 2926 satie

98 2949 227 3016 prosperos
244 2965 333 3006 ventor
347 2956 380 3005 ad
391 2955 565 3018 trajiciendum
583 2956 608 3004 in
624 2955 729 3004 siciliam
748 2953 847 3002 habuit.

96 3024 138 3082 sed
149 3027 225 3083 iidem
237 3033 308 3086 tenti
318 3033 437 3104 superate
445 3034 658 3102 etmiachynum
669 3031 848 3160 prohibebam

511 3141 514 3148 ,
750 3107 787 3158 llo
815 3100 847 3166 ¹,
