2062 3640
310 215 599 276 LIBER'XXV.
788 219 838 284 39,

94 314 122 364 ir
133 309 246 366 &trema
263 323 334 381 parte
350 313 418 364 urbis
428 311 512 361 versus
529 316 544 361 a
560 306 744 376 mari'vieque
756 307 839 360 inami-

93 407 155 442 nens
166 392 255 453 serenti
267 393 293 442 in
304 407 376 456 agros
387 391 611 454 mediterraneaque
623 387 714 449 insule,
725 402 841 454 percom-

94 469 171 520 mode
182 471 238 521 titus
247 469 280 520 ad
297 480 449 520 commeatus
464 467 636 536 excipiendos..
668 469 772 518 Praeerat
783 467 843 516 huie

95 548 150 596 atei
167 547 322 598 Philodemus
342 548 462 611 Argivus,
478 546 511 595 ab
531 544 643 612 Epicyde
660 543 793 612 impositus,
810 542 843 596 atl

95 639 172 690 quem
183 625 265 676 missua
282 631 298 676 a
309 626 431 676 Marcello
442 623 511 687 Sosis,
528 637 591 672 unus
602 637 636 674 ex
646 621 843 674 interstantibus

93 703 206 768 tyranni,
218 717 304 768 quum,
315 702 393 766 longo
404 699 515 752 sermone
527 699 623 761 habito,
635 698 723 750 dilatus
734 713 778 766 per
789 699 843 750 ltu·

94 777 239 830 litationem
250 778 317 842 essct,
335 778 420 828 tetulit
431 776 559 839 Marcello,
577 786 674 842 tempus
685 791 742 826 eum
756 776 788 827 ad
798 776 842 828 de·

94 855 249 907 liberandum
260 854 375 906 sumsisse.
411 855 527 919 Quum'is
547 852 613 906 diem
625 853 656 904 de
667 853 707 906 die
724 851 842 921 differret,

94 931 156 982 dum
168 934 331 1000 Hippocrates
342 943 416 998 atque
427 932 538 984 Himilco
548 931 712 985 admoverent
722 931 798 982 castra
805 934 842 984 lc.

94 1008 240 1076 gionesqun
251 1011 316 1062 haud
327 1011 426 1072 dubius,
438 1008 455 1058 st
466 1009 493 1058 in
504 1023 586 1058 arcem
597 1009 725 1076 accepisset
735 1025 785 1072 eos,
797 1009 841 1061 de·

95 1087 143 1139 leri
154 1089 295 1138 Romanum
306 1089 445 1139 exercitum
456 1085 578 1136 inclusum
588 1087 665 1136 muris
676 1085 743 1152 polle
749 1105 757 1147 ;
771 1090 842 1138 Mat·

96 1165 181 1228 celius,
191 1175 219 1215 ut
231 1167 366 1232 Euryalum
377 1180 456 1232 neque
468 1163 539 1228 tradi,
552 1177 632 1229 neque
643 1166 698 1231 capi
712 1162 777 1214 vidit
785 1163 843 1233 pos·

95 1241 130 1303 se,
147 1243 214 1294 inter
230 1245 361 1312 Neapolim
379 1245 405 1296 de
416 1243 536 1308 Tycham
554 1243 665 1306 (nomina
681 1244 789 1310 partium
801 1259 845 1296 ut·

92 1323 141 1383 bia,
159 1323 184 1374 de
194 1324 267 1378 insint
283 1325 383 1375 urbium
400 1323 466 1384 sunt)
484 1319 566 1388 posuit
582 1322 666 1385 eastra,
684 1324 782 1386 timens,
799 1338 841 1384 ne,

95 1400 113 1450 st
124 1401 263 1466 frequentia
275 1401 383 1454 lntrdli'et
393 1400 458 1463 loca,
476 1399 598 1450 contineri
609 1399 642 1449 ab
653 1399 761 1450 discursu
771 1401 843 1452 miles

94 1475 185 1526 avidus
203 1477 289 1543 przdae
306 1493 357 1527 non
374 1475 461 1543 posset.
496 1477 585 1540 Legati
602 1479 633 1524 eo
650 1476 681 1526 ab
702 1479 795 1544 Tycha
815 1479 843 1530 δι

96 1555 204 1620 Neapoli
216 1569 273 1604 eum
290 1555 373 1604 insulis
391 1555 417 1604 ἃ
427 1553 573 1604 velamentis
590 1566 720 1620 venerunt,
739 1572 843 1623 precan-

95 1637 141 1690 tes,
152 1639 182 1678 ut
198 1629 409 1679 acaedtbuc&ab
421 1628 539 1680 incendus
550 1642 700 1696 parceretur
725 1635 764 1682 De
775 1649 841 1698 quo-
909 1659 913 1666 =

92 1723 151 1758 tum
163 1706 285 1773 precibus,
304 1712 376 1796 quam
388 1707 522 1788 postulatis,
538 1708 730 1771 magisconfilio
743 1710 838 1775 habito,

92 1775 227 1835 Marcellus
242 1799 277 1836 ex
294 1785 406 1836 omnium
403 1778 544 1834 sententia
563 1784 642 1834 edixit
661 1784 788 1848 militibus,
808 1805 841 1848 na

92 1863 138 1930 pris
148 1862 236 1915 liberare
247 1875 323 1931 corpus
333 1865 435 1915 violant.
453 1872 523 1912 cetera
531 1863 700 1929 prcdaeferura
717 1863 842 1930 castraque

93 1939 162 1992 teiiis
175 1945 296 2009 parietum
307 1959 354 2010 pro
371 1957 445 1992 muro
464 1942 540 2008 septa.
559 1942 637 2007 portis
648 1942 750 2004 regione
763 1943 840 2008 plate-

92 2035 163 2072 arum
183 2024 323 2089 patentibus
343 2023 458 2072 stationes
477 2020 635 2088 prestdiaque
654 2020 781 2086 disposuit,
807 2036 840 2072 ne

92 2100 185 2165 quirin
197 2100 305 2151 discursu
316 2101 423 2150 militnm
436 2099 543 2165 impetus
555 2099 581 2146 in
599 2096 673 2146 calita
686 2096 738 2146 fieti
750 2101 840 2164 posset.

91 2175 163 2237 inde,
189 2176 257 2241 signo
276 2178 345 2241 dato,
361 2177 453 2226 milites
476 2176 657 2226 discurrerunt:
682 2173 839 2242 testailisque

90 2253 195 2314 foribus,
212 2270 289 2320 quum
301 2256 386 2305 omnia
397 2265 492 2304 terrore
508 2269 537 2304 ac
549 2253 806 2320 tumultuslrepetent,
823 2261 840 2308 a

90 2331 198 2382 ezdibus
216 2343 298 2382 tamen
319 2343 485 2399 temperatum
502 2331 544 2379 esi.
572 2331 665 2396 rapinis
684 2332 765 2382 uellus
781 2333 839 2384 ante
892 2365 898 2382 e

90 2405 180 2454 modus
190 2405 247 2467 suit,
264 2413 338 2472 quarn
350 2409 435 2458 omnia
449 2399 566 2457 diuturni
582 2404 841 2458 felicitare-cumulata

90 2481 386 2544 bonaegeisere.1nter
402 2485 453 2535 lraec
470 2486 495 2535 dc
511 2485 675 2546 Philodemus,
693 2501 769 2551 quum
783 2487 841 2556 spes

89 2557 181 2625 auxilii
192 2558 259 2606 nulla
276 2557 341 2621 esset,
358 2559 406 2608 ftdc
418 2563 526 2628 accepti,
540 2572 570 2612 ut
582 2563 716 2613 inviolatus
732 2564 765 2614 ad
775 2568 837 2633 Epi-

89 2621 174 2701 cyden
185 2633 286 2698 rediret,
297 2634 402 2686 dedusio
414 2637 529 2702 praesidio,
542 2639 642 2690 tradidit
653 2642 837 2695 tumulumRo·

88 2713 178 2765 manis
215 2712 315 2763 Avertit
326 2714 440 2765 omnibus
451 2715 481 2765 ad
490 2718 624 2768 tumultum
636 2732 668 2767 ex
680 2731 749 2784 parte
758 2732 837 2786 captae

87 2791 165 2852 urbis,
178 2790 310 2854 Bomilcar,
327 2791 424 2841 nossem
438 2793 596 2856 eamnasius,
613 2794 659 2857 qua
670 2807 770 2862 propter
781 2799 835 2847 vim

87 2867 238 2933 tempestatis
255 2869 317 2920 liare
333 2869 364 2920 ad
381 2871 516 2920 anchoram
534 2871 561 2919 in
573 2869 623 2918 salo
634 2873 748 2922 Romana
759 2873 840 2922 elassis

87 2961 140 2994 non
157 2945 243 3011 pollet,
260 2963 318 2998 cum
335 2948 437 3012 triginta
454 2947 563 3012 quinque
580 2947 687 2995 navibus
706 2963 738 2997 ex
757 2958 833 3014 portu

88 3021 242 3092 syracusam
254 3023 390 3095 prostans,
399 3024 479 3078 libero
490 3024 553 3087 atati
565 3022 621 3086 teia
631 3023 658 3076 in
668 3023 751 3074 alttun
756 3025 834 3108 dedit,

760 3111 830 3171 qumr
