2062 3640
266 257 269 267 s
349 213 642 270 nrnrrxxv.
817 215 870 278 577

29 309 35 318 '
109 307 215 371 trinque
230 302 340 362 flamme
357 301 422 358 sunt.
458 300 582 350 Hannibal
600 298 695 348 silentio
713 297 819 350 ducebat
836 299 868 349 ad
898 319 902 326 ·

113 394 226 451 portam.
263 379 329 430 Nieo
347 393 380 428 ex
397 377 536 445 improviso
554 377 766 444 adortussopitos
779 379 868 442 vigiles

111 464 141 512 in
153 457 277 510 eubilibus
291 457 495 517 suirobnuncat,
508 467 658 524 portamque
664 457 751 524 aperit.
772 455 868 529 Hanni-

114 540 160 589 bal
172 535 352 603 compeditum
367 536 466 600 agmine
481 533 624 598 ingreditur,
643 535 735 599 equites
746 531 871 602 subsillere
906 579 909 584 ,

105 611 203 681 'jubetz
226 625 263 678 ut,
280 617 331 678 qud
348 629 385 663 res
403 612 518 678 postulet,
535 627 665 660 occurrere
682 611 762 665 libero
779 627 870 679 eampo

116 691 223 760 possent.
257 695 289 740 Et
301 692 457 742 Philemenus
470 688 573 756 portulae
584 700 654 756 parte
662 681 721 753 alii,
739 691 787 756 quit
799 705 868 740 eom·

117 786 202 820 meare
219 767 331 831 affuerat,
349 767 574 839 appropinquabat.
592 777 652 816 nota
663 783 717 818 vox
729 761 781 832 ejus
796 768 820 817 ἃ
832 769 870 816 sa·

116 846 215 896 miliare
226 845 280 908 jam
292 845 387 909 tignum
402 858 478 908 quum
490 841 616 892 excitislet
627 844 738 907 vigilent,
756 844 869 908 dicentie,
932 874 936 878 -

114 925 165 972 vix
177 921 292 972 sustinere
303 921 403 986 grandis
415 919 495 968 besliae
507 934 578 982 onus,
591 921 688 984 portula
698 923 814 986 aperitur.
830 923 869 972 in-

115 1001 223 1053 serentes
235 989 321 1066 aprum
339 999 402 1048 duos
419 999 525 1067 iuvenes
538 997 637 1050 secutus
655 997 706 1064 ipse
722 1015 778 1048 curn
791 1015 869 1066 expe-

118 1079 175 1131 dito
190 1089 316 1142 venatore,
335 1077 447 1142 vigilem,
465 1076 589 1126 incautius
606 1077 727 1132 miraculo
743 1079 870 1141 mugnitu-

24 1147 31 1151 ’
119 1157 186 1206 dinis
199 1157 225 1206 in
242 1171 292 1220 eos,
309 1158 351 1222 qui
368 1156 490 1218 serebant,
508 1153 614 1216 versum,
632 1155 757 1206 venabulo
769 1156 871 1220 trajicita

118 1233 218 1298 ingreffi
229 1232 316 1282 deinde
327 1234 430 1298 triginta
440 1231 491 1282 sere
502 1231 599 1296 armati,
618 1242 711 1282 ceteros
724 1233 811 1296 vigiles
824 1234 871 1284 ob·

116 1322 242 1375 truncant,
259 1311 447 1376 refringuntque
460 1319 557 1376 portam
569 1301 711 1380 proriimam
725 1329 730 1359 :
744 1312 872 1377 &agmen
889 1347 891 1351 v

114 1391 162 1442 sub
174 1391 246 1454 lignis
265 1391 394 1440 confestim
412 1389 511 1454 irrupit.
536 1388 592 1437 inde
606 1404 662 1438 cunt
682 1389 775 1441 silentio
790 1391 817 1444 in
829 1391 870 1440 sos

95 1457 97 1460 ’
115 1485 174 1520 rum
186 1468 261 1530 dusli,
278 1461 412 1519 Hannibali
430 1467 480 1520 sese
494 1468 692 1531 ‘conjunxerunt
729 1473 791 1518 Cum
806 1468 870 1520 duo·

114 1547 165 1597 bus
182 1547 291 1596 millibus
309 1547 439 1596 Gallorum
457 1549 552 1610 Poenus,
570 1547 597 1596 in
614 1556 662 1596 tres
679 1545 762 1598 diviso
779 1559 870 1616 parter,

116 1639 164 1692 per
175 1623 262 1674 urbem
274 1625 376 1682 dimittit
388 1626 546 1687 Tarentinos,
565 1625 589 1675 u
601 1625 689 1674 itinera
701 1631 775 1695 quim
787 1628 870 1677 ma'xi-

116 1705 159 1764 me
170 1700 309 1768 frequentia
326 1718 448 1770 occupare
463 1699 549 1767 jubel:
569 1703 676 1753 tumultu
691 1714 756 1766 orto,
775 1707 870 1755 Roma-

115 1797 164 1840 ttos
176 1781 261 1848 passm
274 1781 342 1845 caedi,
359 1782 490 1849 oppidanis
502 1781 580 1848 parci.
602 1779 650 1844 sed,
668 1791 696 1830 ut
709 1781 762 1830 fieri
774 1781 799 1832 id
811 1771 869 1850 pos·¹

116 1857 160 1919 set,
176 1859 289 1926 praecipit
298 1859 434 1923 juvenibus
447 1858 599 1920 Tarentinis,
616 1869 652 1920 ut,
670 1856 714 1906 ubi
726 1871 799 1922 quem
812 1857 870 1908 suo·

46 1999 49 2006 Ι
115 1951 172 1992 tum
184 1937 271 2004 procul
284 1935 408 2002 vidissent,
426 1935 588 2006 quiescere&
601 1932 677 2000 silere,
694 1949 723 1985 ac
735 1933 804 1988 bono
815 1936 869 1987 ani·

117 2023 162 2062 mo
174 2010 220 2060 esse
229 2011 355 2076 juberent.
666 2019 668 2024 “

128 2123 131 2128 -
150 2093 185 2140 Χ.
203 2093 260 2155 Jam
272 2092 393 2160 turnultus
406 2101 459 2142 erat
469 2091 623 2158 clamorque,
641 2089 720 2157 qualis
732 2087 779 2140 esse
790 2089 816 2141 in
828 2107 870 2143 ea·

117 2175 161 2234 pta
172 2168 233 2218 urbe
244 2168 319 2220 solet:
339 2169 388 2232 sed,
407 2169 467 2236 quid
480 2171 515 2220 rei
524 2169 590 2232 esset,
608 2185 680 2220 nemo
692 2168 749 2218 satis
760 2183 869 2236 pro-cer·
885 2213 886 2216 ,

114 2256 144 2296 to
156 2244 226 2310 scire.
260 2248 395 2298 Tarentini
411 2237 538 2300 Romanos
557 2247 588 2297 ad
607 2247 869 2314 diripiendamutbem

114 2324 213 2374 eredere
230 2337 347 2380 coortos:
361 2327 484 2389 Romanis
502 2325 591 2376 seditio
608 2326 691 2392 aliqua
709 2341 765 2376 cum
782 2325 870 2378 fraude

81 2418 84 2426 ·
116 2401 199 2452 videri
210 2403 243 2452 ab
254 2405 386 2471 oppidanis
397 2416 476 2458 mota.
511 2405 640 2456 Praesesius
651 2405 735 2472 primo
745 2406 869 2458 excitatus

77 2504 82 2509 -
115 2477 235 2540 tumultu,
252 2480 278 2528 in
296 2491 396 2546 portum
408 2482 510 2546 effugit:
529 2483 595 2545 inde,
611 2492 727 2549 aceeptus
739 2482 828 2550 scaphd
840 2484 868 2536 in
886 2501 888 2504 ·

113 2568 197 2606 arcem
216 2555 420 2614 circumvehitur.
455 2563 591 2612 Terrorem
610 2561 640 2612 &-
653 2561 713 2610 tuba
730 2562 815 2611 audita
833 2578 867 2614 ex

115 2634 216 2682 theatro
228 2631 344 2684 faciebat.
362 2651 419 2686 uam
432 2637 457 2686 de
468 2642 581 2690 Romana
593 2650 653 2701 erat,
670 2645 684 2689 u
697 2639 867 2707 proditoribus

113 2710 146 2762 ad
158 2710 207 2760 hoe
218 2709 299 2779 ipsunt
312 2725 462 2781 preparata:
480 2717 505 2770 ἃ
523 2717 655 2768 inscienter
667 2723 681 2766 d
694 2721 783 2769 Graeco
795 2709 869 2772 inflass

114 2802 148 2854 ta,
165 2792 228 2857 quis,
246 2804 291 2842 aut
302 2794 391 2859 quibus
403 2793 497 2858 sgnum
509 2795 586 2856 daret,
604 2797 726 2858 incertum
737 2797 865 2848 efficiebat.

113 2867 163 2920 Ubi
175 2871 267 2935 illuxit,
280 2872 436 2925 &Romanis
450 2875 542 2924 Punica
555 2874 579 2923 dc
592 2875 688 2924 Gallica
700 2890 768 2924 arma
778 2876 867 2938 cogni·
938 2917 940 2922 .

88 2977 102 3020 ‚¹
113 2955 147 3007 ta,
165 2957 218 2998 tum
236 2948 417 3000 dubitationem
436 2959 600 3010 exemerunt;
619 2951 755 3010 dr'Grreci,
771 2955 865 3004 Roma-

112 3039 160 3078 ttos
176 3027 261 3097 palum
278 3028 343 3084 eaede
361 3028 449 3082 slratos
466 3040 600 3098 cernentes,
616 3030 649 3083 ab
665 3029 807 3106 Hunuibtle
824 3045 865 3114 ce·

793 3115 862 3174 ptam

609 3180 621 3208 ἱ
