2076 3612
182 215 199 259 ο
438 211 664 274 ἘΗΉῘ

180 297 296 362 stringere
306 296 399 352 licuisse
410 300 513 365 gladios,
529 317 581 352 non
592 316 692 352 manum
704 315 761 354 ctnn
779 300 848 354 hosie
863 319 926 357 con·

181 374 262 426 serre:
280 376 324 428 sibi
336 381 501 445 nequicquam
517 395 593 444 arma,
610 381 774 446 nequicquam
793 379 868 445 vires,
885 397 928 432 ne·

181 455 315 520 quicquam
324 457 420 508 animos
434 458 513 510 datos.
547 462 607 510 Haee
617 457 779 510 frementibus
789 460 851 510 hora
865 459 930 510 sata·
1029 451 1030 458 ¹

125 565 129 572 .
180 529 210 578 lis
227 531 370 595 ignominia
380 533 491 598 advenit,
509 536 593 586 omnia
605 535 710 586 tristiora
723 536 879 603 experiundo
890 536 928 588 sa-

180 605 257 671 flffl,
274 615 347 674 quarn
364 627 418 677 quar
434 621 599 680 preceperant
614 613 712 664 animis.
746 615 804 678 Jarrr
816 613 929 682 primurn
1029 651 1030 654 ,

180 699 238 736 eum
257 685 356 750 singulis
374 689 526 752 vestimentis
542 691 647 742 inermes
658 700 729 742 extra
745 691 838 741 vallum
855 691 927 740 exire

96 785 98 790 '
178 761 242 826 duffii
260 763 286 815 ἃ
303 766 377 831 primi
396 767 479 818 traditi
491 765 593 831 obsides,
608 778 683 834 atque
698 769 725 818 in
736 768 871 818 custodiam
882 767 931 817 ab-

179 839 256 892 duiii.
295 845 390 896 Tuma
405 843 546 896 consulibua
557 844 626 894 abire
640 843 808 910 samesium,
825 844 927 912 paluda-

180 919 441 985 mentaquedetrasia5
458 933 553 972 tantam
564 922 629 972 inter
639 921 704 988 ipsos
719 922 770 988 qui,
788 921 863 988 paulo
882 936 928 972 an-

180 999 204 1046 ts
216 1013 258 1048 eos
269 996 431 1064 exsecrantes,
442 999 566 1052 dedendos
575 997 763 1066 lacerandosque
773 999 926 1063 censuerant,

179 1075 363 1126 miserationem
380 1075 447 1140 serit,
463 1089 501 1142 ur,
518 1075 567 1128 sun
583 1075 685 1142 quisque
697 1075 846 1126 conditionis
862 1076 927 1126 obli·

155 1177 157 1186 =
178 1163 229 1216 rus,
244 1153 277 1202 ab
286 1153 327 1202 illa
335 1153 516 1207 desonnatione
528 1163 601 1206 tantre
612 1153 750 1220 majestatis,
762 1153 831 1218 velut
840 1152 873 1204 ab
881 1168 926 1204 ne·

175 1227 256 1282 sardo
267 1227 414 1296 spesiaculo,
430 1241 554 1280 averreret
566 1229 661 1282 oculos.

213 1309 260 1359 Vl.
279 1307 355 1356 Primi
366 1307 476 1360 consules
487 1309 565 1374 prope
582 1305 702 1358 seminudi
711 1306 856 1373 subjugum
866 1304 926 1371 mis·

177 1381 214 1436 fr:
231 1392 292 1446 mm,
309 1393 338 1432 ut
349 1382 451 1448 quisque
462 1381 539 1446 gradu
554 1384 682 1449 proximus
694 1393 754 1448 erat,
771 1385 807 1434 ita
817 1384 925 1450 ignomi-

147 1457 153 1462 '
178 1457 361 1524 niaeobjeiiusr
379 1470 432 1510 turn
452 1459 567 1525 deinceps
578 1458 675 1524 fingulae
686 1459 803 1524 legiones.
821 1462 927 1528 circum·

178 1536 273 1590 stabant
284 1537 372 1588 armati
383 1536 472 1600 hoster,
483 1536 661 1603 exprobrantes
673 1535 857 1604 eludentesque:
875 1538 928 1603 gla-

177 1611 214 1662 dii
225 1611 301 1662 etiam
312 1611 431 1680 plerisque
443 1613 575 1662 intentati:
594 1612 619 1662 u
631 1613 752 1664 vulnerati
770 1613 871 1680 quidam
882 1629 926 1666 ne·
1011 1675 1015 1682 ¹

111 1725 114 1733 s
177 1683 284 1756 carique,
301 1689 318 1738 si
336 1690 419 1748 vultur
431 1705 518 1741 eorum
532 1689 678 1753 indignitate
689 1705 770 1740 rerum
788 1693 869 1742 acrior
884 1693 924 1747 vi·

128 1775 131 1782 “
179 1766 271 1820 eiorem
288 1766 433 1818 offendisset.
460 1768 495 1830 ita
511 1765 615 1820 traduili
635 1765 787 1834 subjugum,
806 1768 839 1831 δι,
856 1769 926 1834 quod

64 1849 75 1866 ‘⁹
179 1849 241 1914 pens
263 1847 364 1912 gravius
382 1857 442 1919 erar,
460 1861 504 1916 per
515 1847 622 1898 hostium
632 1846 726 1899 oculos,
750 1843 927 1922 quqmesalm
1032 1893 1033 1896 Ἴ

178 1924 314 1988 evasisent,
331 1925 385 1992 ets,
399 1922 469 1976 velut
479 1925 511 1976 ab
524 1925 611 1996 :inseris
623 1923 734 1984 extraiii
752 1933 806 1975 tum
816 1925 927 1992 primum

176 2005 260 2056 lucem
270 2005 395 2072 adspicere
406 2003 451 2056 viii
469 2001 533 2066 suat,
551 2015 632 2052 tamen
645 2001 696 2068 ipsa
710 2001 754 2048 iux
767 1999 802 2048 ita
813 1999 926 2052 deforme

177 2083 331 2136 intuentibus
347 2097 436 2143 agmen
456 2081 524 2130 omni
540 2090 619 2128 morte
636 2076 725 2126 trisiior
735 2075 793 2123 suit.
827 2079 925 2140 Itaque,

178 2175 255 2226 quum
267 2167 324 2206 ante
335 2155 432 2207 nosiern
445 2159 557 2221 Capuam
575 2154 705 2220 pervenire
717 2149 820 2217 possent,
837 2151 925 2206 incerti

177 2236 208 2286 de
227 2234 275 2283 fide
293 2231 426 2295 sociorum,
445 2230 469 2280 dt
485 2229 551 2296 quod
571 2229 652 2297 pudor
669 2225 843 2296 praepediebat,
858 2230 925 2280 circa

177 2313 246 2366 viam
258 2310 323 2362 haud
335 2309 421 2378 procul
435 2309 519 2376 Capud
529 2308 641 2358 omnium
654 2305 725 2370 egeni
737 2321 842 2372 corpora
854 2307 924 2360 humi

177 2389 381 2458 prostraverunt.¹
404 2383 479 2450 Quod
491 2384 534 2434 ubi
551 2382 584 2432 eii
600 2386 710 2450 capuam
725 2382 877 2447 nunciatum,
896 2399 922 2433 e·

177 2469 241 2520 vicit
259 2464 385 2516 miseratio
401 2464 464 2528 justa
485 2461 610 2512 sociorum
628 2459 768 2528 superbiam
787 2463 922 2526 ingenitam

178 2543 325 2612 Campanis„
338 2539 466 2594 confestim
477 2539 579 2603 insignia
589 2537 631 2590 sua
642 2538 792 2606 comnibus,
804 2539 887 2606 fasces,
895 2543 924 2594 li·

163 2621 264 2684 simas,
281 2636 357 2684 arma,
374 2634 458 2686 equos,
475 2618 628 2682 vestimenta,
645 2630 794 2672 commeatus
804 2622 925 2675 militibus

175 2697 282 2760 benigne
298 2696 414 2745 mittunt:
433 2694 458 2745 &
475 2693 631 2744 venientibus
647 2697 758 2761 Capuam
769 2695 869 2747 cunibus
886 2695 923 2748 se·

178 2783 250 2826 natus
261 2771 425 2840 populusque,
439 2771 542 2823 obviam
551 2770 642 2836 egrcili,
657 2771 725 2836 justis
742 2773 857 2824 omnibus
875 2774 923 2828 ho·

177 2849 313 2918 spiralibus,
330 2843 523 2918 privatisque&
542 2849 646 2920 publicis
664 2848 801 2914 sungunmr
820 2849 923 2904 officiis:

108 2923 110 2942 ¹
166 2941 257 2994 ¹neque
275 2927 322 2978 illis
341 2927 466 2980 sociorum
484 2929 597 2994 comitas,
619 2927 750 2992 vultusque
768 2927 878 2994 benigni,
896 2929 925 2984 a

175 3004 285 3076 alloquia
300 3022 353 3060 non
363 3006 439 3062 modo
454 3005 593 3064 sumondnr
601 3006 698 3076 escere,
714 3004 755 3058 scd
765 3021 806 3075 ne,
822 3016 851 3061 ut
861 3024 923 3060 ocu·

882 3085 922 3142 los
