2058 3642
328 199 351 248 L
366 198 416 248 1³3
435 199 496 247 En
532 195 648 250 xxvn,
822 203 872 258 349·

116 285 228 338 &calor
245 285 341 338 hiantes
358 285 487 336 caedendos
499 284 680 353 capiendosque
697 280 793 334 asi'atim
810 298 873 350 pra-
913 343 916 348 Ι
948 327 952 330 .
1001 287 1004 293 ’

123 366 213 416 bebat.
621 394 628 406 x
731 414 734 420 ,

161 443 258 491 XLIX.
277 441 407 509 Elephanti
425 442 506 509 plures
522 440 554 488 ab
571 438 628 506 ipsis
642 437 784 503 retloribus,
801 445 875 506 quam

122 517 160 567 ab
172 518 248 580 hosie,
265 517 395 568 intersesii
413 518 501 568 fabrile
519 517 640 584 scalprum
657 531 719 566 eum
731 517 820 568 malleo
832 519 892 581 hag

69 649 73 654 ,
126 594 235 644 bebant:
253 595 287 658 id,
305 596 348 644 ubi
363 594 448 646 saevire
463 593 550 644 bellnae
564 609 593 642 ae
609 605 678 642 ruere
692 593 718 642 in
730 591 786 642 suos
796 607 876 659 crepe·
905 653 910 658 .

124 682 193 732 rant,
210 673 325 736 magister
341 669 404 723 inter
421 688 492 722 aures
509 670 627 740 positum,
645 670 699 738 ipso
719 670 745 721 in
762 670 878 731 articulo,

124 749 305 816 quojungitur
322 752 397 817 capiti
409 752 514 814 eervix,
532 759 626 814 quanto
646 748 760 798 maxim'o
779 757 878 815 poterat

124 826 187 890 istu,
202 827 328 892 adigebat.
364 829 538 884 anelerrima
548 826 590 876 via
599 826 686 876 mortis
698 827 723 874 in
739 835 812 876 tantae
822 840 877 876 mo·
933 875 934 887 q

124 904 157 953 lis
169 905 250 955 bellua
259 907 434 970 inventaerat,
446 907 490 956 ubi
502 903 603 969 regendi
613 903 680 970 spem
690 901 812 954 vicissent.
826 903 877 970 pri-

125 979 231 1047 musque
242 982 267 1032 id
277 981 414 1032 Hasdrubal
428 982 575 1042 instituerat,
593 979 645 1030 dux
657 993 736 1045 quum
745 977 807 1046 sape
819 979 879 1030 aliae

124 1059 306 1123 memorabilis,
324 1069 377 1109 tum
393 1058 434 1108 illd
447 1059 569 1126 praeipue
581 1057 673 1124 pugo'a.
708 1055 752 1104 Ille
765 1069 878 1122 pugnan-

125 1146 164 1192 ¹tes
178 1137 310 1198 hortando,
327 1138 467 1204 pariterque
483 1134 600 1186 obeundo
613 1133 730 1200 pericula,
748 1131 878 1184 sustinuit:

126 1211 169 1264 ilse
179 1213 251 1266 sessos
262 1213 445 1281 abnuentesque
458 1214 531 1266 taedio
544 1213 671 1276 delabere,
688 1225 756 1262 nunc
772 1219 880 1279 precast-

123 1292 169 1354 do,
186 1309 251 1343 nunc
268 1293 418 1360 castigando,
435 1293 565 1344 accendit:
583 1293 623 1340 ille
639 1288 760 1355 fugientes
774 1307 879 1343 revoca·

125 1371 173 1434 vit,
184 1369 345 1438 omissamque
354 1387 463 1438 pugnam
471 1371 568 1436 aliquot
579 1369 640 1420 locis
654 1368 768 1420 restituit.
785 1369 879 1438 postte·

124 1450 177 1510 mo,
195 1464 272 1514 quum
282 1449 347 1499 haud
357 1450 432 1500 dubie
440 1449 540 1500 sortnna
550 1448 656 1500 hostium
668 1446 734 1512 esset,
751 1463 783 1498 ne
795 1447 878 1518 super,-

124 1523 183 1574 esset
194 1535 264 1575 tanto
280 1529 408 1576 exercitui.
418 1527 489 1576 sunm
501 1541 591 1576 nomen
601 1524 695 1590 secuto,
712 1527 839 1578 concitato
851 1543 878 1577 e·

123 1617 179 1666 qno
195 1600 218 1650 se
230 1603 256 1650 in
271 1604 401 1653 cohortem
412 1606 550 1652 Romanam
559 1602 676 1652 immiste
705 1603 753 1664 Ibi,
770 1615 799 1652 ut
809 1617 878 1671 patre

126 1679 268 1730 Hamilcare
283 1679 308 1729 &
323 1679 464 1730 Hannibale
478 1679 555 1728 fratre
570 1679 674 1742 dignum
686 1690 746 1744 erat,
765 1695 877 1747 pugnant
961 1695 966 1702 ·

124 1755 226 1806 cecidit.
262 1760 397 1824 Nunquam
411 1773 443 1806 eo
457 1757 522 1806 bello
537 1756 586 1804 und
601 1757 655 1806 acie
665 1765 761 1806 tantum
770 1759 878 1812 hostium
897 1811 904 1834 ‚

126 1835 284 1892 interseiium
296 1837 337 1900 esi,
355 1834 501 1901 redditaque
516 1849 585 1900 aequa
599 1833 719 1884 Cannensi
731 1835 819 1900 clades,
836 1839 878 1888 vei

123 1910 206 1976 ducis,
224 1914 266 1964 vel
280 1915 404 1965 exercitiis
415 1913 525 1976 interitu,
542 1911 684 1962 videbatur.
704 1916 878 1980 Quinquagin-

127 2003 154 2044 ta
166 1993 210 2044 sex
227 1995 305 2044 millia
322 1993 428 2044 hostium
445 1989 543 2042 occisa:
562 2000 634 2058 capta
646 1989 841 2056 quinquemillia
853 1993 879 2046 ἃ

125 2069 316 2136 quadringenti:
334 2070 414 2137 prada
428 2068 477 2118 alia
494 2082 585 2132 magna
601 2077 655 2116 tum
673 2067 755 2120 omnis
773 2069 879 2136 generis,

127 2158 182 2198 tum
194 2149 248 2198 auri
259 2150 336 2198 etiam
347 2147 502 2214 argentique.
537 2145 643 2195 Civium
656 2143 734 2194 etiam
749 2148 878 2200 Rornano-

126 2241 191 2290 rum,
209 2229 252 2294 qui
264 2229 330 2296 capti
342 2227 409 2296 apud
420 2226 586 2290 hoheserant,
604 2224 676 2292 supra
685 2236 792 2290 quatuor
800 2226 880 2281 millia
954 2246 955 2250 ¹
988 2265 992 2274 ,

126 2305 236 2372 capitum
250 2317 358 2374 recepta.
377 2305 402 2356 id
417 2303 498 2356 solatii
510 2303 558 2354 suit
575 2318 621 2370 pro
636 2302 725 2352 amissis
741 2319 773 2354 eo
790 2305 879 2372 proeiio

128 2383 257 2436 militibus.
275 2384 340 2434 Nam
352 2382 545 2449 haudquaquam
560 2383 689 2432 incruenta
698 2379 804 2432 vilioria
813 2381 877 2434 suit:

127 2457 186 2510 osio
206 2458 283 2510 serme
302 2461 380 2510 millia
396 2465 568 2512 Romanorum
589 2457 765 2526 sociorumque
784 2459 876 2512 occisa.

130 2535 250 2601 Adeo'que
259 2535 334 2586 etiam
349 2538 456 2589 viiioree
469 2537 594 2603 sanguinis
603 2536 723 2603 cadisque
732 2550 830 2606 ceperat
839 2537 877 2591 sa·

129 2616 210 2678 tietas,
232 2625 261 2665 ut
278 2615 374 2682 postero
391 2615 439 2678 die,
463 2631 540 2682 quum
558 2614 615 2670 esset
634 2617 781 2668 nunciatum
798 2619 878 2678 Livio

130 2693 233 2756 consuli,
251 2694 337 2746 Gallos
355 2693 493 2762 Cisalpinos
509 2694 670 2761 Liguresque,
687 2697 731 2762 qui
747 2707 791 2748 aut
812 2711 877 2764 proe-

131 2773 166 2822 lio
175 2787 227 2822 non
238 2770 375 2834 adsuissent,
393 2782 436 2821 aut
448 2774 511 2822 inter
520 2771 611 2822 caedem
623 2773 768 2838 effugissent,
789 2789 841 2824 uno
850 2791 877 2826 a·

131 2851 215 2914 gmine
223 2839 348 2900 abire'fine
354 2859 423 2900 certo
432 2849 504 2912 duce,
511 2849 560 2900 tine
569 2849 649 2916 fignia,
661 2851 710 2902 srlre
719 2853 805 2903 ordine
813 2851 876 2918 uilo,

128 2935 175 2978 aut
189 2927 312 2998 imperim
335 2927 409 2996 posse,
426 2925 444 2981 ti
460 2943 510 2980 una
524 2919 637 2998 equitum
650 2929 692 2984 ala
707 2932 831 2992 mittatur,
844 2943 876 2988 0,-

804 3021 875 3063 muel
