2130 3642
372 207 554 272 ‘stunt
587 163 662 262 sixt.
856 225 903 276 ¹7⁹

151 311 209 357 i'ttm
223 303 287 365 acie,
305 315 361 372 quer
373 301 475 352 Gallicis
491 300 591 352 auxiliis
607 299 706 352 firmata
717 307 778 364 emt,
795 315 852 354 turn
864 303 904 353 in·

150 381 222 444 genti
233 379 299 430 carde
310 379 417 436 bostium
427 393 569 446 perrupere.
587 378 621 441 &‚
638 393 715 444 quum
725 394 806 446 neque
821 381 846 429 in
861 395 903 430 ea·

99 471 108 477 ‘
150 455 199 506 stra
210 457 304 508 reditus
323 454 380 505 esset
396 455 499 504 flumine
510 454 652 518 interdum,
668 470 749 521 neque
760 472 810 524 prae
827 455 904 506 imbri

150 534 209 586 satis
219 535 350 587 decernere
362 533 473 600 pulsent„
481 534 531 598 qui
541 531 589 582 suis
603 549 677 600 opem
686 533 786 596 sertent,
804 535 905 586 Placen-

151 615 214 664 tiam
228 615 295 666 resto
310 616 397 664 itinere
410 627 551 679 perrexere.
585 613 667 662 Plures
679 612 903 670 deindeinotnnes
932 653 935 662 .
1000 650 1005 666 .

151 702 233 759 partes
250 693 392 764 eruptiones
410 689 496 740 sasiae:
520 690 555 752 sc,
570 691 614 756 qui
630 693 723 740 flumen
739 691 840 758 petiere,
857 699 903 742 aut

153 771 295 835 gurgitibus
308 771 433 836 absumpti
450 769 514 832 sunt,
530 779 574 818 aut
589 771 653 820 inter
670 768 851 836 {unsiationetn
863 771 903 820 in·

149 848 279 912 grediendi
298 849 330 898 ab
348 848 456 900 bollibus
473 846 586 914 opptelli.
605 848 648 914 qui
667 847 750 916 passim
767 864 812 916 per
827 861 904 914 agros

150 925 212 989 suge
223 925 295 992 sparsi
307 937 385 989 erant,
403 926 506 989 vestigia
519 923 627 974 cedentis
644 925 771 990 sequentes
788 919 903 990 agminis,

155 1005 307 1054 Placentiam
319 1002 481 1056 contendere:
498 1002 553 1052 aliis
567 1003 643 1052 timot
655 1002 760 1054 bostium
772 1003 904 1058 audaciam
991 1055 997 1070 ,

59 1088 68 1094 “
155 1080 308 1144 ingrediendi
324 1083 417 1132 flumen
433 1079 502 1142 iecit,
520 1077 704 1144 transgreffique
717 1080 743 1132 iu
761 1079 836 1128 castra
848 1095 904 1146 per-

120 1155 125 1163 '
155 1171 288 1210 venerunt.
313 1161 407 1223 meer
418 1159 477 1209 nive
488 1160 590 1222 mixtus,
608 1159 634 1208 ἃ
645 1157 798 1230 intoleranda
809 1160 848 1208 vis
860 1157 906 1208 sri·

108 1265 114 1276 ·
154 1238 231 1303 gotis,
249 1239 274 1288 sc
292 1239 404 1288 homiues
421 1238 522 1302 multus,
539 1237 564 1286 ἃ
578 1237 700 1302 jumenta,
717 1237 742 1288 ἃ
760 1239 905 1304 elephantos

154 1321 233 1384 prope
244 1331 337 1380 omnes,
355 1317 496 1387 absumpsit.
531 1317 598 1367 Finis
610 1316 751 1384 insequendi
763 1317 837 1368 hostis
850 1321 905 1370 Pee-

154 1398 192 1446 uis
208 1399 300 1446 flumen
312 1397 405 1448 Trebia
416 1397 478 1448 fuit:
496 1397 521 1446 ec
533 1397 568 1446 ita
579 1409 704 1466 torpentes
716 1398 772 1463 gelu
785 1399 811 1448 in
828 1397 905 1449 calita

156 1475 257 1538 rediere,
268 1487 297 1526 ut
309 1477 356 1526 vix
367 1477 477 1526 letitiam
489 1473 598 1526 victoria
611 1475 737 1529 sentirent.
755 1477 843 1540 Itaque
854 1491 903 1528 uo·

157 1553 194 1603 sie
213 1553 358 1621 insequenti,
375 1571 452 1622 quum
472 1554 771 1622 praesumentum,
789 1553 814 1604 ἃ
835 1553 914 1620 (μαῖ’

158 1631 280 1696 reliquum
292 1648 325 1682 ex
337 1647 426 1698 magna
435 1645 504 1699 parte
512 1635 621 1684 militum
632 1645 693 1698 erat,
710 1634 804 1684 ratibus
817 1631 907 1699 Trebi·

157 1725 198 1758 arn
210 1711 356 1774 trajicerent,
374 1721 416 1759 aut
433 1711 495 1761 nihil
509 1710 616 1774 'sensere
633 1711 789 1778 obstrepente
801 1711 906 1778 pluvii,-

156 1797 209 1850 aut,
226 1788 284 1852 quia
301 1787 354 1850 jam
372 1790 472 1839 moveri
494 1806 542 1856 prae
560 1787 697 1840 laliitudine
717 1789 854 1854 nequibant
873 1805 905 1840 ac

155 1865 309 1927 vulneribus,
326 1865 415 1918 sentire
426 1867 475 1918 sese
487 1867 680 1926 dissimulbrunt:
699 1865 838 1930 quietisque
851 1868 905 1916 Poe·

156 1945 202 2008 nin,
210 1943 288 1994 t'ac'rto
295 1930 394 2008 agmine
401 1946 433 1996 ab
441 1947 556 2011 Scipione
566 1941 666 1992 consule
674 1941 797 1990 exereitus
805 1942 907 1992 Placen-

156 2021 217 2070 tiam
226 2021 259 2070 ell
271 2021 413 2088 perduiius:
427 2021 485 2070 inde
497 2017 563 2070 Pado
573 2017 686 2082 trajettus
700 2020 856 2080 Cremonam,
873 2013 920 2070 ttex

156 2097 264 2150 duorum
278 2100 432 2147 exercituum
445 2096 554 2146 bibernis
573 2110 622 2144 una
632 2093 731 2144 colonia
743 2104 906 2160 premeretur.

190 2178 275 2226 LVll.
292 2179 399 2226 Romam
417 2186 499 2226 tantus
516 2185 595 2229 terror
606 2185 639 2222 ex
654 2173 700 2222 hac
718 2171 786 2242 clade
798 2173 926 2246 perlatus
956 2191 958 2195 ·
975 2209 982 2216 .

6 2262 10 2272 '
60 2278 67 2288 ·
157 2253 199 2312 est,
215 2263 243 2302 ut
258 2253 310 2318 jam
327 2252 358 2302 ad
376 2253 462 2302 urbem
478 2251 604 2302 crederent
620 2249 711 2300 inseliis
725 2247 906 2320 signishostetrr
955 2267 974 2318 Ι·

156 2341 303 2392 venturum3
329 2347 375 2380 nec
393 2334 526 2396 quiequam
545 2328 595 2396 spei
612 2339 654 2378 aut
672 2327 761 2380 auxilii
778 2323 834 2392 elie,
851 2345 904 2396 quo

157 2409 235 2476 portis
252 2403 420 2473 mtenibusque
432 2408 485 2458 vim
500 2417 619 2456 arcerent.
652 2408 700 2456 Uen
711 2407 791 2474 confide
802 2408 830 2458 nd
841 2409 904 2460 tht-
951 2449 955 2458 .

155 2503 206 2538 num
217 2484 282 2545 vilio,
298 2487 365 2536 altem
376 2502 402 2536 ert
414 2487 488 2535 Sicilia
499 2493 609 2545 revocato,
625 2484 700 2536 dulus
711 2484 834 2552 confitsales,
851 2487 916 2536 lun·

93 2575 97 2582 ’
155 2563 197 2620 itte,
202 2561 341 2635 consularibus
352 2563 477 2613 exercitibus
489 2562 560 2625 elisis,
576 2579 626 2629 quot
637 2563 689 2615 al’nt
700 2563 768 2628 duces,
785 2579 836 2632 quat
850 2565 906 2622 asiae

154 2641 246 2709 &gisnes
258 2639 304 2708 effle,
315 2656 357 2708 qua
366 2639 515 2708 amfftniur?
529 2643 566 2690 lta
578 2641 667 2690 territis
678 2643 836 2708 Semprunius
844 2659 906 2694 cou-

155 2719 192 2771 sul
205 2709 316 2788 advenit,
329 2720 423 2784 ingenti
434 2719 542 2785 periculo
554 2735 598 2786 per
610 2718 699 2770 effusos
710 2721 793 2788 pnffim
802 2721 833 2772 ad
842 2739 906 2792 prae·

155 2797 265 2848 dandum
276 2798 383 2848 bullitun
394 2799 487 2862 equites
504 2797 616 2859 (audacis
632 2799 716 2862 tnagis,
734 2804 806 2868 quim
825 2801 905 2853 consr-
928 2801 931 2810 “

155 2875 191 2938 lio
202 2885 246 2924 aut
263 2875 304 2943 spe
321 2873 430 2940 saliendi,
446 2875 599 2926 resiliendive
617 2875 697 2926 staron
708 2872 809 2938 falleret]
827 2877 906 2926 trans-

158 2953 258 3020 gressus.
292 2952 321 3002 ll
339 2953 408 3018 quod
425 2969 502 3004 uuum
512 2956 622 3004 maixime
637 2954 662 3002 in
674 2951 803 3022 presentia
814 2955 908 3003 deside:

155 3029 266 3099 rabam,
283 3029 390 3084 comitiis
402 3029 569 3150 eomthqiqur
582 3029 720 3104 habitisqin
735 3029 836 3096 hiberna
848 3029 906 3142 τῇ
