2076 3612
340 253 505 306 LIBER
542 256 589 306 Iis.
814 271 850 322 ⁴7

90 345 157 411 resi
169 360 200 394 ea
211 345 268 395 loca
280 345 387 396 intrasset
397 347 618 410 5jnventutemqne
631 345 782 398 Camertium
790 348 851 398 Urn-

94 423 200 473 brorum
224 423 250 470 in
273 423 351 472 annis
372 433 483 489 paratam
504 423 610 488 imperio
631 421 751 473 suturam.
786 429 846 474 Hae

39 485 45 496 ⁹
97 517 176 565 quum
188 502 264 550 relata
283 497 376 552 consuli
396 503 479 564 essent,
496 502 677 567 impedimentis
689 505 768 570 primi
779 503 864 566 vigi-1

97 577 131 626 lia
148 579 280 643 praemissis,
298 579 436 644 legionibus
454 579 507 646 poll
528 579 704 645 impedimenta
721 581 757 628 ire
771 581 846 642 juliis,

101 654 150 720 ipse
160 654 265 708 substitit
286 674 343 706 cunr
354 658 483 723 equitatu:
502 657 535 720 Bt,
552 658 679 720 luecurtis,
697 659 794 726 postero
807 658 847 708 die

101 732 257 798 obequitavit
270 735 413 784 stationibus
423 735 537 796 hostium,
556 732 608 798 quae
619 745 690 784 extra
702 735 789 786 saltum
800 735 847 784 dis·

101 811 181 876 positae
192 825 280 863 erant:
299 815 334 874 dt,
351 829 425 880 quum
443 812 499 862 satis
517 811 559 862 diu
571 813 683 863 tenuisset
698 815 799 879 hostem,
817 817 846 866 in

102 891 175 940 casira
185 893 234 942 sese
251 893 359 958 recepit;
376 891 495 958 portisque
505 891 580 940 alteri
595 892 707 957 egressus,
725 905 781 944 ante
799 909 845 944 no·

99 965 163 1017 flens
173 986 259 1034 agmen
268 970 408 1036 assequitur.
444 970 545 1020 Pollero
555 969 604 1033 die,
621 971 676 1019 luce
688 973 774 1038 primi,
784 973 846 1038 iuga

101 1043 205 1092 Ciminii
214 1048 304 1095 montis
314 1048 422 1096 tenebat.
449 1045 516 1107 inde,
534 1047 713 1112 contemplatus
729 1051 847 1113 opulenta

98 1121 208 1170 Etruriae
219 1139 285 1183 arva,
300 1125 387 1174 milites
401 1123 503 1174 emittit.
524 1125 622 1186 ingenti
631 1123 684 1186 jam
695 1124 779 1174 ababli
789 1141 848 1192 prae·

97 1195 140 1258 da,
160 1200 318 1250 tumultuaria
336 1202 468 1266 agrestium
489 1198 648 1249 Etruscorum
669 1202 790 1264 cohortes,
808 1217 847 1251 re-

96 1279 200 1340 pentia
221 1281 372 1346 principibus
384 1279 493 1343 regionis
510 1279 561 1342 ejus
573 1279 709 1338 concitatae,
727 1283 846 1334 Romanis

94 1366 239 1418 oceurrunt,
256 1356 319 1410 adeo
340 1356 518 1422 incompositae,
535 1366 563 1404 ut
580 1357 691 1407 vindices
709 1359 844 1424 praedarum

93 1435 174 1498 propi:
196 1434 240 1499 ipsi
260 1435 346 1502 praedae
366 1435 468 1488 suerint.
505 1433 573 1482 caefis
590 1433 728 1501 fugatisque
743 1437 780 1496 iis,
796 1438 852 1488 late·

88 1506 249 1575 depopulato
269 1527 339 1576 agro,
356 1511 438 1562 vision
456 1515 590 1574 Romanus,
607 1512 785 1578 opulentusque
804 1531 843 1564 re·

90 1601 148 1636 rum
161 1591 373 1664 omnium'copib
391 1591 503 1649 incasira
516 1589 595 1638 rediit.
636 1593 673 1640 Eo
690 1591 753 1641 sorte
771 1595 844 1660 quin-

90 1678 142 1729 que
153 1665 230 1729 legati
250 1683 308 1716 cum
329 1667 426 1718 duobus
445 1665 549 1718 tribunis
562 1667 638 1734 plebis
655 1680 783 1732 venerant,
800 1670 843 1719 de-

88 1743 241 1792 nunciatum
252 1747 331 1794 Fabio
343 1745 438 1794 senatus
456 1743 547 1804 uerbis,
563 1759 594 1794 ne
607 1745 694 1794 saltum
708 1747 844 1798 Ciminium

87 1818 214 1869 transiret.
232 1823 310 1871 laetati
330 1821 404 1870 seritis
425 1818 457 1880 sc,
475 1826 548 1885 qnam
567 1831 595 1868 ut
614 1821 733 1886 impedire
751 1822 844 1872 bellum

9 1957 10 1962 ¹
91 1895 197 1962 pollent,
216 1899 319 1959 venisse,
336 1901 419 1948 nuncii
432 1896 542 1946 visleriae
555 1899 662 1946 Romam
676 1909 844 1947 revertuntur.

125 1981 344 2029 XXXVILHac
361 1978 522 2045 expeditione
540 1971 645 2023 consults
657 1986 753 2022 motum
772 1975 845 2024 latius

87 2065 153 2118 erat,
171 2061 249 2121 quam
261 2058 430 2124 profligatum,
446 2053 548 2126 bellum.
567 2051 729 2100 vastationem
740 2065 847 2114 namque

94 2129 139 2182 sub
153 2135 256 2184 Ciminii
268 2133 360 2186 montis
373 2133 495 2184 radicibus
505 2132 587 2195 jacens
601 2145 645 2179 ora
657 2127 769 2190 senserat,
785 2144 846 2180 con-

21 2241 26 2254 ·
92 2211 240 2278 eiveratque
260 2213 433 2277 indignatione
447 2215 504 2259 tion
515 2208 619 2260 Etruriae
636 2207 713 2257 modo
729 2208 845 2275 populos,

94 2287 137 2338 sed
147 2292 256 2342 Umbriae
277 2292 391 2340 finitima.
428 2291 523 2352 Itaque,
541 2295 645 2352 quantus
664 2301 715 2335 non
734 2302 844 2352 unquam

97 2377 176 2430 antea,
193 2369 319 2418 exercitus
331 2367 362 2417 ad
375 2365 484 2415 Sutrium
495 2365 579 2413 venit:
597 2378 676 2428 neque
687 2366 700 2412 ὲ
711 2361 777 2412 silvis
788 2377 849 2418 tan·.

96 2447 228 2496 tummodo
239 2455 357 2514 promota
376 2445 461 2506 castra,
477 2441 517 2492 sed
538 2443 613 2492 etiarn
629 2441 749 2490 aviditate
769 2443 843 2492 dimi·
873 2507 875 2511 Ι

100 2525 169 2574 candi
188 2531 262 2590 quam
279 2527 389 2592 primum
407 2525 433 2574 in
454 2536 552 2588 campos
569 2519 647 2570 delata
659 2521 737 2570 acies:
756 2519 849 2586 deinde,

103 2602 209 2655 insinua
220 2605 303 2670 primo
321 2601 366 2652 suo
383 2601 444 2652 stare
462 2601 526 2660 loco,
536 2597 627 2649 'reiislo
639 2599 745 2648 hostibus
757 2599 787 2664 ad
804 2603 843 2652 in-

102 2681 234 2732 struendum
255 2687 344 2731 contra
364 2679 461 2746 spatio:
485 2678 553 2740 dein,
567 2675 694 2742 postquam
710 2677 844 2730 detreslare

103 2759 188 2812 hoslem
199 2759 295 2810 sensere
307 2775 424 2828 pugnam,
441 2757 472 2808 ad
483 2758 575 2807 vallum
588 2755 701 2806 subeunt.
718 2757 766 2806 Ubi
778 2758 848 2824 post-A

103 2853 172 2902 quam
183 2840 298 2890 stationes
314 2853 414 2904 quoque
430 2848 538 2904 receptas
550 2836 613 2888 intra
624 2835 778 2886 munimenta
789 2833 846 2892 sem,

105 2914 159 2976 sere,
174 2918 264 2970 clamor
274 2919 379 2984 repente
399 2917 463 2966 circa
479 2916 551 2965 duces
569 2924 645 2974 ortus,
661 2925 689 2962 ut
701 2913 771 2978 eiſsbi
783 2917 842 2962 eca-

100 2989 153 3058 μή]
163 2994 236 3046 cibaria
250 3001 299 3064 ejus
316 2989 361 3045 diei
375 2993 455 3057 deferri
464 2995 578 3062 juberent
588 3012 595 3054 ς
612 2993 718 3058 munsterus
724 2989 794 3056 sesni
805 3005 845 3064 arf

101 3071 149 3143 teis,
159 3072 234 3142 *daut
243 3073 316 3140 nesle,
334 3080 373 3125 aut
381 3077 438 3124 cert?
448 3072 493 3124 luce
504 3072 579 3142 prima*
593 3069 664 3136 eastra
676 3067 766 3135 ¹hostium
777 3065 843 3114 inva-

770 3143 859 3207 [ΜΗ

14 2431 19 2461 l
