2058 3642
348 208 517 260 LIBER
550 205 669 258 xxvn.
815 208 905 266 54¹¹·

50 311 70 352 ’,
116 308 156 350 tra
166 297 237 348 ulum
254 293 419 346 necessarium
427 295 574 344 sumerentz.
584 293 645 344 nihil
657 291 758 356 morari,
776 305 822 342 nec
833 291 869 342 ab
895 300 900 328 ἰ

116 375 190 440 fignis
202 373 312 424 abfistere
328 372 411 424 cibum
429 373 568 438 capientes:
587 371 652 420 diem
665 387 693 420 ac
705 369 802 421 nollem
814 371 868 421 iter
888 427 890 432 ,

117 454 175 514 vix,
193 451 260 516 quod
271 449 327 500 satis
335 449 366 500 ad
378 447 489 499 naturale
500 446 645 501 desideriunt
659 461 791 514 corporum
800 447 869 512 ellel,

119 530 199 595 quieti
210 523 277 578 dare.
312 531 344 578 Et
355 527 386 578 ad
399 527 519 590 collegam
532 523 644 592 praemissi
656 535 734 589 erant,
751 527 794 592 qui
804 540 870 576 nun-

119 609 214 656 ciarent
230 605 374 669 adventurn,
392 601 671 672 ,pereundarenturquq
694 602 758 652 clam
775 619 806 652 an
824 619 869 670 pa-

119 683 180 747 lam,
197 683 305 734 interdiu
321 699 352 732 an
369 675 453 747 nodo,
470 682 557 732 venire
576 679 625 730 sese
637 680 721 744 vellet,
739 680 825 731 iisdem
836 691 871 731 an

121 762 178 812 aliis
197 761 322 814 confidere
334 761 422 811 callris.
458 759 539 810 Neue
550 759 614 810 clam
625 758 722 822 ingredi
731 758 819 808 melius
831 757 872 808 vi·

124 838 179 890 sum
190 840 233 890 est.
566 868 567 871 =

153 920 251 967 XLVI.
270 915 371 966 Tell'era
386 930 431 983 per
442 908 561 966 castra-ab
573 913 652 964 Livio
663 911 764 968 consule
775 911 832 963 data
844 927 871 963 e·
928 967 930 972 ,

116 1002 165 1055 rat,
182 1002 211 1042 ut
228 991 356 1044 tribunum
373 991 496 1054 tribunus,
513 991 627 1040 centurio
645 989 826 1052 centurionem,
843 1003 870 1038 e·
924 1032 926 1038 .

115 1086 176 1140 ques
194 1067 404 1138 equitem,'peden
421 1069 529 1136 peditem
546 1068 679 1135 acciperet.
705 1080 786 1132 neque
804 1065 871 1118 enim

116 1149 214 1200 dilatari
232 1150 308 1200 castra
326 1163 389 1216 opus
407 1145 462 1208 else,
480 1161 512 1196 ne
529 1146 604 1196 hostin
621 1145 758 1196 adventum
771 1145 874 1202 alteriue

118 1226 225 1280 consulis
237 1229 352 1278 sentiret:
370 1227 396 1276 ἀ
407 1226 537 1276 coartatio.
543 1226 652 1292 plurium
664 1226 691 1274 in
702 1223 805 1288 angusto
816 1233 873 1273 ten·

62 1353 70 1358 .
94 1332 98 1340 ·
117 1303 230 1355 dentium
240 1305 339 1358 facilior
355 1305 438 1356 sutura
455 1315 516 1368 erat,
534 1303 763 1371 quddclaudianus
776 1302 873 1352 exerci-
944 1296 946 1300 ’

100 1371 103 1379 ’
118 1389 158 1431 tun
168 1383 231 1432 nihil
247 1382 335 1446 ferme,
350 1392 441 1450 praeter
452 1397 530 1445 arma,
548 1379 631 1430 secum
647 1381 672 1430 in
684 1379 873 1448 expeditionem
941 1369 956 1398 ”

118 1459 219 1514 tulerat.
254 1463 371 1510 Ceterum
389 1460 414 1508 in
432 1458 486 1526 ipso
504 1459 593 1510 itinere
611 1459 710 1508 auitum
722 1458 873 1510 voluntariis

117 1550 208 1599 agmen
219 1546 286 1596 erat;
303 1535 465 1588 offerentibus
477 1535 527 1586 sese
545 1536 650 1587 ultro&
666 1535 794 1587 veteribus
805 1535 872 1586 mili·
912 1563 915 1576 ·

117 1613 185 1663 tibus
198 1612 330 1679 personnis
338 1614 392 1680 jam
407 1615 504 1676 militia,
523 1615 547 1664 δι
557 1615 701 1677 juvenibus,
719 1630 782 1680 quos
792 1623 872 1665 certa-

117 1689 163 1740 tIm
175 1691 278 1739 nomina
290 1689 384 1754 dantes,
402 1690 418 1738 li
430 1705 536 1754 quotum
549 1692 661 1756 corporis
672 1679 763 1756 speeies
775 1693 872 1742 robur-

116 1781 166 1834 que
185 1769 278 1818 virium
295 1778 382 1835 aptum
401 1768 497 1818 militiae
515 1765 658 1831 videbatur,
681 1766 870 1836 conscripserat.

117 1847 159 1900 nd
176 1853 263 1898 senam
283 1847 358 1898 castra
375 1837 475 1897 alterius
486 1845 593 1898 consulis
605 1857 691 1897 erant:
709 1848 735 1898 ἃ
747 1850 871 1914 quingen·
892 1871 894 1888 ⁵

116 1934 157 1976 tos
166 1923 223 1974 inde
234 1922 312 1974 serme
324 1922 404 1991 pallus
414 1923 555 1974 Hasdrubal
565 1923 659 1973 aberat.
694 1925 783 1990 Itaque
793 1941 871 1992 quum

113 2001 168 2068 jam
185 2003 405 2070 appropinquaret,
426 2001 503 2052 tenus
522 2001 651 2052 montibus
667 2001 773 2054 iubllitit
793 2005 882 2072 Nero,'

34 2073 44 2082 ”
115 2081 328 2139 neantenoflem
343 2081 418 2133 castra
433 2078 610 2145 ingrederetur·
644 2079 749 2134 silentio
765 2082 871 2148 ingredi,

116 2157 149 2210 ab
164 2159 201 2208 sui
217 2159 319 2226 quisque
335 2159 429 2210 ordinis
443 2159 586 2210 horninibus
601 2161 627 2210 in
643 2161 751 2212 tentoria
761 2161 870 2229 abdudi,

115 2251 174 2288 cum
187 2235 282 2288 summa
299 2238 412 2288 omnium
429 2237 516 2288 latitia
533 2237 687 2306 hospitaliter
699 2239 869 2307 excipiuntur.

115 2314 216 2365 Pollero
231 2313 271 2364 die
286 2315 426 2366 concillum*
435 2315 558 2378 habitum,
576 2317 617 2366 cui
629 2316 654 2367 ἃ
664 2318 695 2366 L.
709 2319 811 2386 qucius
824 2318 870 2368 Li·
916 2379 918 2386 Ι

115 2391 185 2441 cinus
205 2404 296 2458 praetor
312 2392 401 2444 adfuit.
439 2393 523 2444 Castra
537 2392 622 2457 junlla
639 2392 769 2444 consulum
785 2395 869 2446 castris

114 2467 239 2517 habebat:
258 2469 283 2519 ἃ
298 2475 354 2520 ante
368 2471 505 2521 adrentum
520 2487 616 2532 eorum,
633 2487 678 2539 per
692 2472 747 2522 loca
759 2472 809 2523 alta
820 2473 869 2524 du·

115 2545 196 2596 tendo
214 2547 361 2610 exercitum,
379 2565 457 2614 quum
474 2549 551 2600 modo
562 2550 677 2602 insideret
687 2553 802 2617 angrrllor
819 2553 868 2604 sal·

114 2633 162 2688 tus,
181 2633 208 2673 ut
218 2623 345 2674 transrtum
361 2623 494 2688 clauderet,
511 2629 588 2677 modo
597 2630 630 2678 ab
641 2629 717 2679 latere
725 2642 769 2680 aut
777 2632 809 2681 ab
819 2642 868 2682 ter-

114 2717 149 2767 go
166 2713 277 2769 carperet
293 2717 392 2768 agmen,
410 2703 550 2756 ludificatus
570 2707 663 2757 hostem
675 2710 791 2760 omnious
808 2711 869 2761 arti·

114 2777 161 2830 bus
173 2779 231 2829 belli
247 2777 337 2830 suerat.
356 2782 376 2830 ie
388 2791 441 2832 tum
454 2781 480 2831 in
492 2784 600 2833 coneilio
609 2783 703 2836 aderat.
727 2788 868 2841 Multorum

114 2861 146 2909 ed
157 2859 278 2909 inclinant
289 2859 422 2924 sententia,
439 2871 476 2925 ut,
495 2859 554 2912 dum
565 2862 652 2914 sellum
667 2865 710 2914 vid
726 2881 757 2916 ac
773 2867 869 2931 vigiliis

115 2936 228 2988 reficeret
239 2937 345 2989 militem
357 2943 441 3004 Nero,¹
451 2938 521 2990 simul
533 2941 558 2993 ἃ
569 2941 601 2992 ad
609 2941 760 2994 noscendum
772 2945 867 2998 nollem

115 3028 208 3084 paucos
227 3013 273 3070 fibi
289 3015 396 3073 sumeret
414 3018 476 3090 dies,
493 3027 591 3090 tempus
610 3014 700 3092 pugne
718 3021 868 3078 differretur.

811 3104 865 3158 Ne·
899 3115 901 3119 ·
921 3140 928 3153 r
