2076 3612
387 257 557 310 LIBER
590 247 640 310 lis.
727 285 732 296 ι
842 265 872 324 53

106 357 166 400 tum
188 347 294 399 initium
313 344 407 402 dicitur
425 347 474 398 sori
495 331 599 396 ornandi
613 347 646 398 ab
657 343 776 412 edilibus,
794 361 874 414 quum

101 427 188 476 tensae
208 428 372 477 ducerentur.
410 429 440 476 Et
461 429 567 474 Romam
588 425 686 490 quidem
705 425 735 476 ad
748 426 873 476 honorem

110 506 200 553 Deum
211 504 351 569 insignibus
363 505 437 553 armis
449 504 554 554 hoslium
566 503 600 551 uti
613 504 683 553 suut:
703 506 831 571 Campani,
840 503 875 554 ab

111 579 232 648 superbia
251 584 277 632 dc
290 582 352 631 odio
364 583 518 645 Samnitium,
536 580 683 644 gladiatores
695 583 770 648 (quod
783 581 874 648 spesin-

114 661 200 708 culum
212 661 282 708 inter
293 660 378 726 epulas
390 661 451 724 erat)
468 673 498 708 eo
515 669 607 726 ornatu
626 658 762 720 armarunt,
779 659 873 708 Samni-

115 737 231 801 tiumque
244 737 348 785 nomine
364 736 551 802 compellarunt.
585 735 681 786 Eodem
693 751 759 786 anno
768 751 825 786 cunr
834 753 872 787 re·

113 813 190 878 liquis
204 813 370 864 Etruscorum
381 813 412 862 ad
430 811 558 874 Perufiam,
576 829 630 878 quae
650 813 675 865 δι
692 812 744 880 ipsa
761 813 873 864 inducia·

113 906 172 940 mm
192 891 268 940 fidem
281 901 391 957 ruperat,
410 890 499 938 Fabius
512 889 596 939 consul
608 905 654 940 nec
666 889 741 941 dubit
752 907 797 941 nec
808 893 873 942 disli-

112 969 157 1017 cili
170 967 278 1017 visloria
294 968 406 1018 dimicat.
425 966 504 1034 ipsum
516 967 639 1033 oppidum
660 969 727 1031 (nant
738 968 769 1017 ad
782 970 873 1020 munia
908 991 913 996 ·

113 1045 204 1094 vistot
214 1045 318 1108 accessit)
334 1045 440 1112 cepisset,
458 1045 484 1093 ni
504 1045 579 1108 legati
597 1043 712 1093 dedentes
730 1045 816 1095 urbem
827 1061 872 1096 ex·

115 1123 203 1170 issent.
240 1121 347 1171 Praesidio
359 1121 460 1171 Perusrae
477 1119 606 1187 imposito,
624 1120 789 1184 legationibus
800 1125 875 1172 Etru·

117 1201 163 1249 riae
175 1199 310 1247 amicitiam
326 1199 466 1266 petentibus
484 1213 534 1264 prae
549 1197 574 1246 se
586 1200 692 1247 Romam
712 1197 743 1246 ad
761 1195 873 1270 senatum

114 1273 201 1338 millis,
220 1275 314 1338 consul,
333 1276 499 1343 praellantiore
510 1276 593 1339 etiam,
612 1278 685 1340 quam
701 1273 813 1341 didator,
831 1278 873 1327 vi·

117 1353 196 1402 floria
211 1354 375 1419 triumphans,
392 1353 479 1402 urbem
500 1353 533 1400 esi
553 1351 673 1402 invesiut.
709 1355 776 1418 Quin
795 1355 871 1406 etiam

108 1429 276 1497 'devislorum
289 1429 435 1480 samnitium
448 1427 521 1478 decus
530 1443 621 1494 magna
636 1443 668 1478 ex
680 1442 749 1497 parte
760 1431 792 1481 ad
803 1431 870 1500 lega-

116 1517 165 1571 tos,
184 1509 213 1556 P.
235 1507 341 1555 Decium
362 1507 388 1556 ἃ
406 1509 444 1555 M.
466 1505 603 1570 Valerium,
621 1506 654 1556 ess
673 1503 791 1558 versum:
806 1525 871 1575 quos

115 1585 226 1652 populus
237 1585 361 1652 proximis
381 1583 489 1634 comitiis
507 1585 601 1648 ingenti
613 1582 732 1634 consensu
743 1585 870 1637 consulem

114 1661 233 1724 alterum,
250 1661 355 1709 alterum
368 1669 498 1727 praetoteut
510 1659 656 1711 declaravit.

151 1741 225 1788 XLI.
243 1739 323 1788 Fabio
336 1737 370 1787 ob
384 1738 481 1802 egregie
493 1737 658 1806 perdomitam
671 1739 796 1790 Etruriam
808 1755 870 1792 cou-

117 1819 230 1868 tinuatur
247 1815 402 1876 consulatum
419 1815 510 1866 Decius
530 1816 625 1879 collega
635 1815 717 1865 datur.
752 1817 868 1870 Valerius

117 1905 207 1963 praetor
217 1898 333 1960 quartum
345 1904 455 1964 creante..
485 1893 604 1944 Consules
616 1893 702 1958 partiti
714 1895 868 1959 provincias.

117 1973 215 2022 Etruria
233 1973 323 2035 Decio,
341 1972 466 2021 samnium
484 1971 564 2021 Fabio
580 1970 675 2018 evenit.
709 1969 870 2034 ls‘proseslus

117 2048 147 2098 ad
159 2050 295 2099 Nuceriam
314 2048 474 2113 Alfaternam,
492 2057 547 2098 tum
564 2059 652 2114 pacem
669 2053 786 2112 petentes,
803 2047 871 2111 quod

117 2127 153 2176 nti
164 2128 200 2190 ea,
208 2142 286 2192 quum
297 2125 404 2189 daretur,
413 2125 551 2190 noluisl'ent,
563 2123 714 2193 aspernatus,
721 2137 870 2190 opptgnan'·

119 2203 150 2253 do
161 2204 192 2254 ad
207 2204 361 2254 deditionem
378 2203 485 2269 subegit.
521 2208 585 2254 Cum
602 2202 752 2254 Samnitibus
762 2203 815 2254 acie
829 2202 869 2254 dl·

118 2281 241 2332 micatum.
261 2281 327 2332 haud
338 2297 431 2347 magno
449 2282 582 2331 certamine
593 2281 673 2346 holles
689 2278 767 2330 risli:
785 2296 869 2348 neque

118 2361 168 2423 ejus
185 2351 273 2427 pugna}
292 2359 414 2410 memoria
435 2359 525 2410 tradita
540 2359 619 2422 soret,
636 2358 663 2408 ni
682 2359 757 2410 Marsi
773 2376 803 2410 eo
815 2361 868 2428 pri-

116 2443 185 2485 mum
197 2437 282 2502 proelio
296 2451 353 2486 cum
366 2437 485 2485 Romanis
502 2433 635 2485 bdlasl'ent.
670 2435 751 2485 secuti
763 2436 872 2488 Marso·.

118 2529 171 2565 tum
189 2514 353 2565 defeutonem
374 2513 476 2579 Peligni,
497 2515 600 2564 eandem
620 2511 747 2564 fortunam
771 2515 867 2568 habue-

120 2601 183 2640 runt.
214 2594 297 2643 Decio
309 2607 410 2658 quoque
429 2593 500 2642 alteri
515 2591 610 2642 consuli
622 2589 726 2643 secunda
744 2593 801 2644 belli
812 2593 867 2646 sor.

119 2679 173 2720 tuna
184 2679 245 2719 crat.
272 2669 479 2735 Tarquiniensem
491 2682 559 2720 metu
571 2670 700 2736 subegerat
711 2672 866 2726 trumentum

116 2747 233 2795 exercitui
250 2745 369 2814 prebere,
386 2757 459 2812 atque
476 2746 587 2796 inducias
605 2748 630 2796 iu
647 2748 808 2814 quadraginta
819 2763 866 2799 au·

115 2837 157 2872 uos
168 2829 261 2890 petere.
299 2823 487 2874 Voltinienfium
502 2825 597 2874 cassella
617 2826 712 2891 aliquot
729 2828 756 2876 vi
775 2829 866 2894 cepit:

117 2899 224 2964 quadam
235 2915 270 2950 ex
282 2899 312 2949 iis
330 2901 414 2964 diruit,
431 2917 462 2951 ne
476 2903 632 2968 receptaculo
644 2904 753 2955 hollibus
770 2904 865 2954 esseut:

116 2977 362 3045 circumferendoque
379 2981 462 3048 paffim
481 2979 557 3045 bello,
574 2991 671 3032 tantum
688 2993 809 3033 terrorem
824 2983 865 3032 sui

111 3051 182 3123 tecit,
198 3065 227 3107 ut
237 3069 332 3112 nomen
347 3075 422 3114 omne
433 3057 564 3111 Etruscum
574 3059 652 3114 ledus
664 3061 696 3114 ab
707 3060 807 3114 consule
819 3073 864 3124 pe-

458 3141 480 3192 C
498 3154 513 3201 a
787 3145 863 3188 teret.
