2058 3642
294 221 318 275 L
334 223 349 274 1
366 222 385 272 B
403 219 424 271 E
442 219 465 272 R
498 217 617 269 xxvtt.
797 225 848 278 '505

89 305 189 375 hortea,
202 325 257 380 qttae
266 315 397 366 amiserant
410 311 485 377 signa,
502 311 527 360 in
539 310 620 377 prima
630 307 684 358 acie
694 308 850 377 pugnabant,

89 395 122 446 ἃ
136 393 202 457 legio
212 395 329 444 vicesima
347 393 379 443 ab
391 392 482 442 dextro
494 405 573 440 cornu
585 388 707 438 insti-usia.
742 391 774 438 L.
789 391 853 438 Cor⁴

91 468 178 520 melius
189 471 309 532 Lentulus
326 469 351 518 dc
370 471 400 517 C.
422 464 539 515 Claudius
557 467 626 514 Nero
641 465 718 530 legati
736 464 855 516 cornibus

92 535 228 616 praetant,
246 548 379 598 Marcellus
388 545 498 596 mediam
509 545 597 609 aciem,
615 545 729 595 hortator
740 542 855 611 tcslisque

92 624 213 694 praesens,
231 624 356 676 firmabat.
375 625 415 674 Ab
426 622 566 672 Hannibale
577 623 682 691 Hispani
692 623 797 691 primam
806 621 855 672 ob·

93 703 212 754 tinebant
223 701 340 766 irontem,
358 700 425 753 &id
436 700 534 751 roboris
543 701 569 750 iu
580 701 651 752 omni
666 701 778 760 exercitu
790 713 852 750 crat.

94 785 188 846 quum
197 796 287 847 anceps
298 780 342 830 diu
353 793 438 847 pugna
450 776 516 839 esl'et,
533 777 659 844 Hannibal
670 777 816 845 elephantos
827 777 856 828 in

95 858 207 925 primam
219 858 298 906 aciem
310 855 395 905 induci
405 853 480 919 jullit,
497 852 515 902 si
528 867 602 920 quem
618 854 719 918 injicere
728 869 758 907 ea
768 868 805 902 res
814 863 855 902 tu·

94 934 208 984 multum
219 950 248 982 ac
257 947 380 1002 pavorem
390 929 477 998 posset.
511 932 544 980 Et
553 931 635 998 primo
646 931 777 981 turbarunt
788 931 857 996 signa
871 983 881 992 ,
894 927 901 934 “

94 1010 258 1076 ordinesque,
274 1011 300 1060 dc
309 1011 400 1078 partim
413 1009 556 1071 occulcatis,
573 1009 664 1074 partim
677 1009 794 1076 dissipatis
806 1021 855 1060 ter·

95 1103 167 1151 rore,
180 1089 224 1155 qui
236 1089 301 1140 circa
311 1083 390 1152 erant,
408 1087 565 1141 nudaverant
573 1088 623 1136 uod
635 1099 704 1154 parte
714 1090 803 1138 aciem.
821 1089 856 1139 la-

95 1165 200 1233 tistsque
211 1163 404 1232 sugamanasset,
423 1167 448 1216 ni
462 1170 491 1216 C.
504 1166 632 1216 Decimius
641 1169 660 1216 F
662 1165 857 1222 lavurtribunur

97 1244 220 1304 militurn,
238 1243 307 1308 signo
321 1253 422 1311 arrepto
433 1242 508 1310 primi
521 1235 628 1316 bullatis
636 1244 791 1310 manipulum
803 1244 858 1308 ejuc

96 1320 161 1386 signi
179 1319 204 1370 se
222 1319 292 1388 sequi
308 1319 417 1385 julliisct.
435 1319 516 1382 duxit,
534 1319 578 1368 ubi
594 1319 703 1369 maxime
719 1321 856 1372 tumultum
958 1337 963 1342 ·

95 1399 256 1465 conglobata
275 1400 364 1452 belluae'
379 1399 513 1462 iaciebant,
537 1398 636 1465 pilaque
654 1398 679 1448 in
697 1413 737 1449 car
764 1399 857 1464 conjici

94 1475 173 1540 iuliit.
209 1477 307 1528 Haserc
318 1479 404 1529 omnia
420 1478 468 1527 tela
483 1475 549 1526 haud
566 1473 658 1526 difficili
672 1491 705 1526 ex
714 1477 857 1544 propinquo
926 1510 931 1520 ·

97 1558 125 1608 in
145 1557 339 1622 tanta'corpora
356 1556 415 1616 istu,
432 1557 457 1606 8<
476 1566 526 1605 tam
544 1551 656 1604 conserta
668 1555 749 1606 turba.
766 1555 808 1606 sed
826 1566 857 1606 ut

12 1657 14 1666 ·
98 1645 153 1686 non
165 1647 253 1682 omncs
265 1633 388 1682 vulnerati
400 1633 456 1682 sunt
464 1652 481 1694 ς,
488 1634 532 1697 ita,
549 1634 693 1698 inquorum
709 1634 784 1698 tergis
798 1633 857 1684 inti·
893 1665 896 1676 ·

99 1725 135 1763 xa
153 1710 239 1759 stetere
250 1711 309 1778 pila,
326 1714 365 1774 (ut
381 1712 414 1761 cll
430 1727 507 1777 genua
525 1717 624 1779 anceps)
641 1713 668 1761 in
685 1711 772 1778 sugam
791 1713 856 1765 verse
919 1719 926 1732 '

94 1790 177 1840 etiam
189 1789 300 1853 integros
311 1790 433 1841 avertere.
468 1795 537 1842 Tum
550 1791 604 1855 jam
621 1807 673 1842 non
690 1805 754 1843 unus
771 1793 854 1843 mani-

96 1869 180 1936 pulus,
198 1865 239 1916 sed
251 1883 298 1934 pro
318 1867 341 1918 sc
358 1868 461 1934 quisque
477 1869 555 1933 milet,
573 1871 616 1935 qui
628 1869 705 1920 modo
718 1869 811 1938 assequi
822 1887 854 1921 a·

98 1941 177 2012 gmen
190 1945 341 2010 fugientium
351 1947 536 2020 elephantorum
548 1959 654 2016 poterat,
661 1949 711 2017 pila
722 1950 856 2014 conjicere.

97 2039 130 2074 co
141 2024 221 2087 magis
233 2038 303 2074 ruere
316 2025 340 2074 in
351 2026 407 2075 suos
416 2025 517 2088 bellu23
535 2037 655 2094 tantoque
663 2028 785 2092 nrajorem
796 2030 856 2082 sira-

100 2114 159 2164 gem
169 2098 252 2163 edere,
269 2105 344 2165 quam
355 2102 419 2150 inter
434 2101 513 2152 hostes
528 2102 667 2167 ediderant,
683 2115 778 2170 quanto
790 2105 855 2157 acri·

100 2185 131 2230 tls
143 2193 226 2246 pavor
243 2179 422 2230 consternatam
442 2181 502 2244 agit,
520 2186 593 2246 quam
610 2181 734 2233 insidentis
746 2185 856 2250 magistri

99 2257 207 2326 imperio
218 2257 323 2320 regitur.
342 2258 554 2325 imperturbatam
567 2259 708 2320 transcursu«
718 2262 857 2318 belluarum

98 2336 178 2386 aciem
190 2333 257 2399 figna
269 2334 381 2386 inserunt
393 2338 502 2387 Romani
518 2336 627 2405 peditetz
644 2339 670 2392 dt
686 2331 755 2392 haud¹
763 2357 856 2408 magno

101 2414 234 2464 certamine
253 2413 378 2482 dillipatos
398 2415 600 2484 trepidantesque
621 2431 749 2474 avertunt.
779 2424 856 2474 'Turn

102 2487 128 2542 in
145 2490 267 2556 fugientes
284 2495 423 2560 equitatum
441 2497 556 2546 immittit
574 2497 716 2561 Marcellus,
735 2505 857 2552 nectente

103 2570 158 2622 sinis
169 2569 287 2636 sequendi
299 2572 331 2620 eil
343 2571 428 2635 salius,
438 2580 513 2638 qu'arn
525 2577 551 2625 in
563 2576 640 2625 casira
651 2587 772 2643 parentes
784 2594 855 2632 com-

103 2648 162 2718 pulsi
173 2647 239 2703 sunt.
274 2652 339 2699 Nam
352 2648 424 2718 super
435 2651 491 2714 alia,
508 2669 563 2718 quae
576 2663 696 2704 terrorem
709 2657 855 2724 trepidatio·
953 2643 957 2652 ¹

102 2740 207 2793 nemque
217 2725 337 2787 iacerent,
354 2727 479 2792 elephanti
498 2744 599 2794 quoque
616 2728 667 2780 duo
679 2732 703 2781 in
716 2733 769 2802 ipsa
782 2745 855 2800 porta

103 2815 254 2866 corruerant,
271 2804 400 2873 cocklique
411 2816 481 2855 etant
494 2805 584 2858 militer
594 2807 736 2874 persoisam
747 2814 854 2864 vallum·

103 2895 150 2950 que
160 2893 230 2932 ruere
249 2882 276 2932 in
294 2882 379 2933 castra.
398 2883 433 2934 ibi
445 2885 557 2935 maxima
569 2885 674 2937 hostium
687 2890 763 2940 credet
772 2891 855 2942 satia:

105 2957 204 3011 calaad
215 2957 273 3010 otto
284 2961 364 3012 millia
375 2963 516 3026 hominum,
525 2965 636 3031 quinque
648 2967 782 3036 elephanti.
799 2971 854 3022 Nec

29 3059 32 3092 ;
105 3036 853 3113 nonantincruernvtttommrmueteanensem.

30 3139 32 3235 p
122 3113 198 3171 Tou.
217 3116 257 3172 11.
455 3119 479 3172 t
779 3127 851 3194 penti
