2062 3640
358 225 383 278 L
400 226 413 278 1
430 225 449 276 B
466 223 488 275 Ε
504 224 534 277 R·
561 220 649 278 xxv.
831 231 879 285 ses

85 366 89 370 ,
116 315 195 384 quvi.
212 303 292 384 quippe
303 313 346 365 illis
363 331 427 365 arma
437 317 522 366 tamum
532 322 595 380 neque
611 311 661 362 ordo
674 307 795 375 militoruli,
812 309 879 376 boos-

13 401 15 408 ’
124 409 172 460 que,
190 395 214 444 in
224 409 264 462 quo
274 393 384 444 tenderent
395 393 420 442 in
431 392 514 454 castris,
532 391 562 454 ιβ
573 399 684 441 mutatus.-
701 405 744 456 qua
754 389 880 455 tamen‚se·

124 471 170 520 asel
178 472 263 529 novato
272 459 396 539 reipublice
403 469 477 536 operd,
496 469 522 520 dr
539 484 579 518 uno
591 467 655 532 felici
668 468 753 534 proelio,
764 465 880 534 νιιιιβινβ·Ι

126 556 187 598 runt.
210 549 287 600 Nemo
297 565 370 599 eorum
382 548 489 616 relegatus
501 547 523 594 in
539 545 633 610 refilium
645 543 674 609 ιβ
684 563 694 594 .·
711 545 848 612 neminispes
856 557 881 600 eq

126 628 223 677 merendi
229 628 340 694 stipenda
351 627 471 692 adempto:
488 623 550 687 bostis
559 623 686 690 ,deniqucell
698 624 769 688 dotus,
785 640 833 674 curto
843 637 883 690 qut

122 702 262 768 ‚dimicantem
279 702 479 771 nutvitcmsemel‚
496 701 784 770 corignomininmpiuirent.
819 705 881 766 Nos,

127 779 201 848 quibus
217 780 266 847 (nist
277 781 331 848 quid
345 779 495 844 commifimus‚
513 787 536 828 ut
550 780 700 845 quisquameoc
720 780 823 846 Gonneofi
836 779 882 830 acie

126 859 189 911 miles
197 862 307 912 Romanus
315 856 438 928 ficpereffet)
455 856 510 907 nibil
519 855 581 922 objici
593 855 671 923 potest,
689 859 806 925 uonsolbm
814 861 831 910 a*
837 871 881 926 po·

125 939 173 990 triu
185 939 261 1004 pmcut
270 939 388 1004 Italiaque,
399 937 443 1002 sed
453 935 478 987 ab
487 935 543 1000 boste
552 937 627 996 etiam,
643 937 733 1004 relegati
744 941 829 1005 sumus.
845 931 882 990 ubi

119 1015 255 1080 prestamus
266 1017 288 1065 ia
303 1016 380 1081 exfttio,
397 1029 423 1074 ne
431 1029 472 1080 quo
476 1013 537 1079 spes,
556 1028 582 1061 ne
595 1028 636 1078 quo
647 1013 723 1078 occafio
733 1014 834 1065 abolenda
845 1019 880 1082 ig·

126 1091 233 1153 mutate,
249 1107 276 1140 ne
290 1109 331 1158 qua
343 1090 453 1158 placante
470 1089 553 1138 civium
570 1089 614 1152 ira,
630 1105 657 1138 ne
673 1105 715 1156 qun
732 1091 819 1159 denique
829 1093 881 1152 bene

127 1169 233 1220 momenti
238 1169 279 1233 stt.
312 1171 391 1237 Neque
402 1168 521 1237 vigrsonuinia
526 1166 604 1231 finem,
621 1181 658 1216 aec
669 1168 761 1219 virtutis
769 1171 883 1236 premium
920 1197 929 1210 ·

121 1247 222 1314 petimus
228 1265 236 1308 ς
251 1247 311 1298 muodo
321 1248 416 1314 experiri
426 1245 531 1308 animum,
549 1245 576 1294 dr
587 1245 694 1315 uirtutem
703 1247 881 1299 exercere'liceot.

124 1323 221 1378 laborem
230 1325 257 1377 dr
267 1326 387 1393 periculum
399 1325 505 1392 petimus,
520 1322 661 1387 utvirorum,
679 1333 702 1374 ut
711 1324 804 1376 militum
812 1326 882 1390 officie

119 1404 254 1472 ficngarnur.
288 1401 657 1468 BellnmiuSieiliap‘omaltcrum
666 1406 882 1474 onnumingentidi·
932 1454 935 1460 .
972 1385 976 1398 ⁸

82 1531 84 1536 .
125 1481 242 1532 miratione
253 1482 357 1548 geritur:
374 1479 440 1532 urbes
452 1480 507 1530 clius
517 1481 604 1542 Poenus,
621 1479 675 1529 olias
690 1483 798 1534 Romanus
813 1495 881 1552 erpu-

121 1566 199 1626 guars
215 1557 319 1623 peditum,
336 1558 428 1624 equitum
438 1558 495 1618 acies
504 1565 645 1612 concurrum:
665 1559 695 1608 od
702 1559 814 1628 Syracusas
821 1561 883 1613 terrd
912 1577 920 1588 ·
959 1599 966 1636 3

127 1634 228 1699 morique
241 1649 275 1685 res
286 1635 390 1701 geritur:
407 1635 522 1686 clamorem
531 1635 674 1700 pugnantium
690 1638 835 1705 crepitumque
845 1654 882 1689 or·

126 1727 214 1774 nicrum
226 1711 347 1760 exaudimus
358 1710 433 1776 refides
443 1712 484 1778 ipfi
498 1716 523 1763 oc
530 1712 615 1778 segnes,
633 1719 733 1778 tunquam
747 1729 879 1780 sicomorus,

126 1805 167 1842 aec
182 1805 246 1838 arma
261 1787 381 1840 babeamus.
415 1792 534 1842 Servorum
553 1786 667 1855 legionibus
684 1789 723 1838 Ti.
741 1791 882 1860 Sempronius

125 1866 198 1933 consul
206 1867 268 1918 toties
277 1866 329 1931 jum
345 1883 393 1920 cum
407 1865 464 1930 hoste
474 1865 545 1932 figais
559 1863 641 1916 collatis
654 1867 775 1932 monuit.
809 1871 883 1936 Opern
940 1863 944 1874 ⁸

121 1944 222 2012 pretium
233 1942 317 2008 labent,
334 1942 455 1997 bbertuem
470 1943 634 2008 civitatemque.
659 1943 707 1990 Pro
720 1943 882 2010 servissottem

126 2021 158 2078 nd
168 2020 205 2070 boc
214 2019 290 2070 bellom
301 2023 381 2088 emptis
397 2019 459 2070 uobis
469 2017 546 2085 fimus.
565 2017 664 2086 congredi
677 2033 726 2071 cuno
740 2018 796 2090 hoste
809 2021 882 2088 licent,

128 2099 157 2155 dr
164 2101 278 2168 pugnando
288 2117 379 2168 querere
386 2097 518 2155 libertatem.
536 2099 557 2146 V
557 2098 575 2153 is,
589 2097 693 2162 tumori,
710 2099 748 2148 vis
759 2101 827 2164 terrd,
844 2102 884 2154 vis

56 2183 60 2192 '
128 2179 182 2242 acie,
200 2179 239 2228 vis
251 2178 335 2230 urbibus
346 2178 495 2248 oppugnandis.
510 2177 604 2245 experiri
616 2177 745 2228 virtutem?
761 2179 898 2248 asperrime

126 2273 208 2326 queque
218 2257 246 2308 od
255 2257 349 2308 laborem
354 2249 513 2326 periculumque
525 2257 660 2324 deposcimus,
676 2265 708 2322 ut,
719 2260 774 2326 quod
783 2261 813 2310 od
825 2262 881 2310 Con-

126 2351 166 2392 uos
171 2337 299 2402 faciundum
306 2337 364 2402 suit,
375 2337 535 2404 quamprimum
540 2335 585 2399 fiat
590 2354 600 2397 5
607 2337 714 2402 quoniam,
721 2339 817 2408 quicquid
819 2339 884 2407 post

129 2425 155 2459 eo
163 2412 266 2474 uiximms,
283 2413 306 2461 iel
316 2429 377 2462 omne
386 2414 513 2477 destinatum
525 2413 644 2478 ignominie
653 2412 692 2480 ιβ.

163 2489 226 2538 vn.
245 2487 294 2539 Sub
312 2491 363 2541 haec
381 2491 454 2556 dista,
471 2491 502 2544 ad
519 2506 601 2556 genua
612 2493 726 2545 Marcelli
739 2495 881 2567 procubue-

128 2574 198 2620 runt.
232 2568 367 2622 Marcellus
382 2569 408 2618 id
424 2585 469 2619 nec
484 2570 554 2636 juris,
572 2587 619 2622 nce
631 2574 757 2640 potestatis
772 2573 820 2627 suae
832 2575 880 2628 effe

127 2644 204 2701 dixit.
225 2640 321 2704 senatui
338 2642 485 2714 scripturum
502 2647 534 2712 se,
553 2652 688 2718 omniaque
707 2651 740 2702 do
759 2653 880 2704 sententia

126 2723 236 2789 Petrum·
248 2719 371 2784 fallarum
389 2723 445 2784 effe.v
477 2728 522 2784 Hae
539 2727 615 2783 literae
626 2728 658 2788 acl
674 2745 760 2782 novos.
768 2731 880 2784 consules
910 2781 914 2786 .

126 2799 213 2868 plistu,
231 2815 261 2850 ac
278 2817 323 2869 per
334 2817 376 2854 eos
394 2804 420 2855 in
436 2801 521 2860 senatu
533 2806 640 2856 reciutae
651 2807 725 2857 sunus
742 2809 880 2861 consultus-

127 2893 174 2943 que
185 2877 218 2928 de·
227 2879 265 2928 his
274 2880 352 2940 literis
362 2883 400 2934 itu
410 2882 522 2950 decrevit
533 2882 630 2934 senatus
641 2901 647 2934 c
664 2885 789 2950 Militibus,
807 2889 843 2954 qui
850 2887 881 2939 od

50 3009 52 3015 q
128 2957 211 3014 manos
220 2959 371 3011 commilitones
376 2963 426 3027 socos
437 2967 558 3026 pugnantes
567 2960 705 3030 deseruiffeut,
717 2965 881 3030 senatumnibil

125 3033 210 3102 videre,
226 3050 265 3088 cur
275 3039 393 3109 respublica
404 3037 601 3108 committeodofit.
632 3042 661 3095 ¹Si
673 3043 723 3101 Mc
732 3041 819 3100 Claudio
824 3056 879 3113 pra·

313 3111 316 3117 “
588 3136 590 3142 ’
800 3119 878 3186 constelb
