2126 3642
347 220 438 274 L'ru
457 221 518 272 Eli
553 218 656 284 XXIV.
760 213 785 250 ·’
823 216 888 290 mi

121 311 152 366 ai
163 319 247 376 erant,
262 307 386 379 superque
403 309 458 376 ipso
476 322 569 360 novem
587 307 613 360 dt
631 306 734 374 triginta
751 307 884 380 elephanti,

121 392 179 462 pilis
190 387 298 442 confixi.
332 389 390 439 Hoc
401 401 501 454 quoquc
513 386 600 454 proelio
610 385 644 438 ad
654 385 787 438 duodecim
798 387 877 438 millia

121 469 256 520 bominum
267 467 386 518 dicuntur
396 461 469 528 cala„
484 479 564 532 prope
579 465 626 514 tria
640 473 720 532 capta,
736 463 881 531 curnsrqnir,

94 613 95 618 ἵ
121 543 618 614 militaribuaseptem&qirinquaginta.
651 541 829 610 AdAurinqcn
837 543 877 596 in·
933 592 941 612 ,

123 621 158 676 de
166 623 253 676 urbem
265 623 334 674 Poeni
345 618 477 682 recelscne3
494 619 528 683 dt,
545 629 575 670 ut
583 617 674 668 territis
684 617 792 684 inslaret,
808 618 877 672 secu·

125 707 167 748 tua
178 701 313 748 Romanus.
347 695 388 745 lbi
400 694 491 746 iterum
503 693 586 761 Scipio
596 691 707 744 leiiiculi
718 695 744 746 iu
755 695 835 748 aciem
845 695 877 746 il·

123 774 190 826 latua
202 775 331 826 conflixit:
349 787 396 823 nec
406 770 484 822 dubia
495 769 603 830 vidoria
616 769 678 832 suitr
696 771 778 822 minue
792 783 879 826 tameo

124 849 232 902 dimidio
248 849 365 912 hostium,
382 853 456 914 quarn
471 857 552 912 antea,
569 847 628 914 quia
645 849 775 916 pauciores
790 849 877 918 super·

123 926 233 994 suerant,
250 928 294 994 qui
311 935 458 995 pugnarent,
475 924 595 976 occisum.
630 923 675 976 sed
692 941 751 991 gena
767 937 825 980 nata
835 928 876 978 in·
938 955 940 960 ·

124 1003 262 1056 ilaurandis
272 1001 463 1072 reparandisque
474 1001 553 1064 bellir,
569 1003 681 1066 Magone
689 1001 721 1052 ad
732 1003 876 1070 conquisiti·

124 1098 203 1136 onem
217 1082 324 1150 militum
336 1079 410 1132 fratre
421 1079 503 1144 misso,
519 1078 593 1130 brevi
607 1079 714 1148 replevit
728 1083 878 1146 exercitum,

125 1151 275 1225 animosque
291 1157 322 1207 ad
339 1157 483 1210 tentandum
501 1156 533 1208 de
550 1156 649 1222 integro
667 1166 791 1210 certamen
805 1158 876 1212 sccii.

125 1236 181 1288 Alii
192 1235 305 1305 plerique
315 1235 414 1300 militer,
430 1235 491 1288 sicut
504 1247 552 1303 pro
562 1244 632 1302 parte
646 1233 721 1286 toties
735 1235 800 1288 intra
813 1253 878 1306 pau·

122 1331 170 1366 cos
178 1314 231 1366 dier
242 1311 316 1379 viiia,
332 1312 418 1364 iisdem
430 1313 526 1377 animia,
544 1311 633 1380 quibus
644 1313 720 1381 prior,
738 1314 878 1384 eodemque

123 1391 220 1444 cientu
237 1405 392 1462 pugnavere.
415 1393 470 1460 plur
487 1389 545 1444 olio
559 1389 637 1442 miliia
651 1391 782 1446 hominum
796 1395 876 1447 casa:

124 1470 194 1524 baud
208 1471 287 1522 multo
301 1471 383 1521 minus
394 1473 468 1536 quam
480 1467 548 1522 mille
568 1477 678 1538 captum,
695 1469 798 1538 &srgna
807 1473 875 1526 mili·

124 1551 191 1602 taric
199 1547 377 1614 quinquaginta
391 1546 462 1610 οξὶος
480 1547 505 1598 dc
517 1545 595 1616 spolia
604 1547 712 1616 plurima
725 1551 823 1601 Gallica
834 1549 880 1618 inq,

125 1643 178 1694 ere,
195 1627 264 1678 aurei
275 1635 383 1692 torques,
394 1625 551 1692 armillaque,
567 1639 805 1690 magnurnurnerur.
822 1629 876 1694 duo

124 1707 204 1760 etiam
214 1702 319 1770 infigura
328 1705 405 1771 requi
419 1703 550 1756 Gallorum
571 1704 737 1774 lMoenicapto
751 1707 776 1758 dc
792 1707 876 1759 civis·

125 1800 199 1839 maro
214 1782 317 1834 nomina
332 1785 411 1850 erant)
428 1798 460 1834 eo
476 1782 564 1852 proelio
581 1779 733 1834 ceciderunt.
750 1783 808 1836 olio
825 1786 879 1850 ele·¹

126 1861 215 1931 pinanti
226 1860 301 1928 capti,
318 1869 367 1912 tres
380 1858 463 1911 occisi.
500 1862 587 1926 Quum
598 1856 700 1928 jamres
714 1859 837 1930 prospera
847 1863 882 1928 iu,

125 1938 248 2008 Hispania
263 1935 347 2004 client,
369 1936 523 1990 verecundia
537 1939 665 1990 Romanos
681 1935 781 1990 tandem
801 1941 878 2009 cepit,

126 2021 265 2082 saguntum
285 2013 414 2084 oppidum,
432 2031 493 2084 ,quae
510 2013 583 2066 causa
598 2011 658 2064 belli
674 2012 742 2078 esset,
758 2013 876 2070 ollarum

123 2094 179 2161 jam
190 2107 282 2157 annum
293 2091 338 2144 sub
349 2093 457 2146 hostiurn
467 2093 587 2164 potesate
597 2088 653 2142 elie.
687 2095 776 2161 itaque
790 2093 816 2146 id
827 2111 875 2164 op·

126 2173 223 2242 pidum,
240 2170 267 2222 vi
276 2169 347 2240 pulso
357 2167 469 2242 prasidio
481 2173 584 2234 Punico,
600 2181 755 2242 recepemnt,
772 2173 875 2228 cultori·

123 2249 219 2321 bosque
226 2249 341 2315 antiquis,
358 2263 421 2316 quor
429 2249 469 2298 vir
478 2249 609 2318 reliquerat
617 2247 685 2314 belli,
701 2247 886 2304 restituerunt}
904 2313 906 2317 f
1017 2267 1020 2274 ’

126 2327 153 2378 ἃ
164 2325 331 2390 Turdetanos,
349 2325 392 2392 qui
405 2335 583 2377 contraxerant
598 2326 634 2376 eir
645 2341 702 2378 cum
713 2327 874 2394 Karthagini·

124 2401 221 2452 ensibus
230 2401 333 2466 bellum,
344 2401 370 2452 in
380 2401 525 2470 potestatem
534 2399 644 2453 redadoa
656 2399 701 2454 sub
709 2418 803 2456 corona
811 2420 874 2459 veu-

126 2469 252 2544 diderunt,
267 2471 405 2546 urbemque
416 2496 502 2532 eorum
519 2475 642 2533 delevere.

161 2557 263 2608 XLIII.
280 2559 340 2610 Hac
356 2559 383 2608 in
399 2559 526 2627 Hispania,
544 2565 580 2628 Q.
599 2561 688 2628 Fabio,
706 2564 746 2614 M.
767 2563 876 2620 Claudio

123 2633 283 2706 consulibua,
301 2633 376 2699 gella.
409 2639 496 2688 Roma
511 2654 589 2707 quum
605 2639 699 2692 tribuni
716 2639 794 2708 plebia
810 2627 881 2698 novi

124 2710 297 2780 magistratum
314 2705 421 2777 insiliat,
440 2717 566 2785 extemplo
583 2715 733 2783 censoribus,
749 2720 777 2770 P.
796 2707 882 2776 Furio

125 2791 153 2844 dt
164 2791 203 2841 Μ.
214 2789 302 2856 Atilio,
321 2791 377 2842 aL.
387 2790 491 2845 Metello
502 2793 604 2845 tribuno
617 2793 696 2863 plebis
707 2793 758 2848 dier
767 2795 830 2850 ditia
841 2781 883 2852 ad'

125 2869 248 2938 populum
258 2869 299 2922 eli.
316 2863 526 2940 qua'lioremcurn
535 2873 653 2942 proximo
664 2889 740 2941 anno,
755 2875 876 2945 adempto

22 2945 23 2948 ’
124 2959 200 3013 equo,
216 2949 284 3000 tribu
300 2963 444 3016 moverant,
461 2962 537 3018 atque
550 2951 664 3004 ararium
680 2951 798 3020 fecerant,
814 2969 876 3022 pro·

124 3033 182 3093 pter
191 3026 392 3098 conjurationem
400 3027 538 3086 urnula
546 3027 884 3162 Ῑῑεῢιαάῦωωῑᾶᾶθὲυδσ,

562 3119 565 3124 ·
843 3119 856 3158 e
