2126 3642
325 207 494 268 trouu
528 213 631 269 XXIV.
762 217 860 282 ’ψ’

104 309 265 380 ᾁιὶ,,1οςαως
277 308 309 359 ab
318 309 478 376 Hieronymo
489 307 521 358 ael
533 322 616 372 regem
628 305 788 360 Ptolemaeum
796 309 856 359 mis-

107 385 155 451 ὡς,
172 387 346 443 voluntarium
363 385 519 437 consciverat
532 383 653 435 exsrlirun.
689 387 725 436 Ea
736 401 813 451 quum
825 383 858 436 ad

105 465 134 516 se
146 479 247 532 quoque
263 465 351 514 venire
368 461 504 532 przlclllet,
522 464 548 513 in
564 461 745 513 sacrarium'ad
756 473 859 531 penaten

35 534 40 544 ’
110 543 234 609 confugit,
247 559 304 594 curn
319 543 414 594 duabus
426 541 524 592 filiabus
535 541 681 606 virginibus,
689 541 800 592 resolutis
812 543 861 592 cri-

110 620 194 683 nibus,
211 621 390 688 miserabilique
400 621 451 670 alio
463 619 564 669 habitu:
583 619 609 669 ἃ
619 618 650 667 ad
661 633 690 666 ea
701 617 795 669 addidit
804 613 869 686 pre·¹
891 626 895 634 “

112 711 161 758 cet,
178 713 231 746 nune
239 710 280 766 per
291 698 417 748 memoriam
429 697 532 747 Hieronis
536 697 618 764 patris,
635 695 762 764 Gelonisque
767 697 862 761 fratris,

110 781 139 822 rte
142 775 172 839 se
180 775 289 825 innoxiam
301 775 388 825 inuidid
399 775 525 839 Hieronymi
535 774 666 840 conflagrare
671 773 775 838 finerent.
809 775 863 824 Ni·
891 821 897 831 ,
928 817 933 828 e

110 850 174 917 dilse
185 867 212 902 ex
221 867 287 921 regno
298 851 362 914 illins,
371 861 450 918 preter
459 849 552 915 refilium
563 851 619 913 uiri,
631 847 724 899 iniere:
741 851 861 918 neqoefor-

108 935 187 979 tortam
197 929 263 996 suant
279 930 366 980 eundern
384 929 442 979 vivo
459 929 591 993 Hieronymo
603 925 677 994 suiffe,
694 929 861 996 qodmsrrori53

109 1019 177 1072 neque
189 1007 303 1071 interseilo
311 1023 334 1057 eo
344 1007 430 1074 confirm
441 1005 527 1054 eandem
536 1003 584 1072 effe.
610 1003 690 1070 Qid?
707 1005 767 1071 quid,
774 1003 797 1070 fi
808 1007 861 1056 An·

110 1081 230 1132 dronodoro
239 1083 322 1148 confilio
330 1081 476 1150 procefflfflnt,
493 1081 531 1132 illa
539 1097 587 1132 erent
595 1081 724 1146 virofieerit
732 1090 864 1148 regnntmo3

106 1157 153 1226 fili
161 1173 209 1208 eum
220 1161 296 1210 ceteris
300 1159 448 1226 serviendum.
482 1160 508 1209 Si
515 1162 562 1227 quis
570 1157 655 1226 Zoippo
662 1159 754 1220 nunciet,
770 1159 865 1225 interse-

112 1236 172 1312 nnn
183 1237 345 1303 Hieronymurn,
362 1253 387 1288 oc
403 1237 505 1288 liberatas
525 1237 645 1304 Syrncnfirs,
665 1237 699 1286 eui
714 1235 801 1286 dulium
816 1235 865 1304 effe,

111 1315 164 1382 puin
174 1316 280 1384 externplo
295 1318 438 1386 conscensuros
447 1315 478 1382 fit
488 1317 573 1380 navim,
589 1325 652 1384 atque
663 1317 686 1366 in
693 1317 791 1383 patriam
805 1317 865 1366 redi·

112 1394 210 1443 turnsl·
229 1395 340 1460 Qantrm
352 1396 403 1462 sper
414 1395 521 1444 homimem
530 1393 625 1460 sortire·
648 1395 676 1443 In
686 1391 776 1444 liberato
786 1397 866 1462 patria

112 1469 225 1538 conju'gem
235 1473 280 1538 ejus
297 1487 323 1522 oc
340 1471 417 1523 lilerot
427 1471 454 1520 de
469 1471 520 1520 vita
530 1471 646 1533 dimicare3
663 1471 713 1538 qnid
722 1471 824 1537 obstantes
834 1471 865 1521 Ιί-

114 1550 208 1610 inlati,
219 1557 257 1598 ont
270 1549 370 1617 legiler?
403 1547 471 1616 Quod
480 1548 506 1598 ol
517 1550 651 1618 femimam
658 1551 788 1618 peniculum,
804 1551 864 1618 dfi-

113 1625 139 1676 la
154 1641 180 1676 ac
193 1631 263 1693 prepi
279 1629 355 1693 vidua,
373 1627 400 1679 dr
416 1627 493 1695 puellis
509 1627 532 1677 in
550 1627 641 1678 orbitate
655 1628 784 1696 degentibus,
801 1629 865 1698 effe?

114 1705 155 1769 Al
166 1703 225 1754 enim
238 1705 329 1772 periculi
339 1706 422 1774 quidem
438 1704 493 1756 nihil
504 1705 562 1774 nise
578 1707 668 1756 tirneri:
684 1709 780 1774 invifirm
791 1715 865 1758 tameo

113 1783 199 1848 regiam
203 1781 302 1851 stirpem
310 1781 357 1850 effe.
378 1781 515 1855 prilrgarent
526 1799 576 1852 ergo
585 1784 661 1850 prpcnl
670 1783 695 1834 oi
708 1786 814 1852 lyracufir
826 1781 874 1838 Si-¹
952 1841 955 1848 .

113 1861 211 1928 eilioque,
229 1861 257 1914 d·
271 1853 378 1930 asportari
390 1861 551 1914 Alexandriam
559 1859 670 1926 juberent,
684 1863 713 1911 od
726 1864 802 1913 virnrn
813 1881 866 1915 nro·

113 1949 171 2002 rem,
188 1940 218 1989 nd
226 1942 389 2006 patremfilias.
424 1939 524 1992 Aversis
542 1939 642 1990 auribus
653 1941 797 2007 animisque,
813 1943 866 1994 'cas-

114 2016 141 2068 se
157 2031 188 2066 rre
204 2027 302 2085 tempus
318 2029 446 2078 tereretur,
463 2019 557 2069 serrum
574 2017 692 2086 quosdam
707 2017 868 2090 expedientes

116 2095 247 2148 cernebat:
266 2108 327 2163 turn,
344 2099 434 2149 omiffir
449 2114 496 2166 pro
507 2098 532 2148 se
543 2097 665 2166 precibus,
682 2099 768 2168 puellis
780 2109 807 2150 ut
818 2099 874 2152 sal·

114 2183 166 2224 tem
178 2187 315 2242 parcerent,
332 2191 403 2227 orare
416 2175 519 2226 inllitite
537 2179 605 2244 eiquo
616 2186 676 2230 etate
686 2177 753 2227 ctiam
766 2175 832 2242 hoster
843 2179 865 2230 i·

112 2261 173 2303 r'ator
188 2251 300 2319 abstinere.
316 2267 350 2319 ne,
368 2263 468 2319 tyrannos
484 2253 605 2322 ulciscendo,
621 2271 663 2324 qne
677 2253 770 2323 ndssent,
784 2257 865 2321 pielern
951 2264 956 2270 “

112 2329 154 2398 ipfi
170 2333 315 2384 imitarentur.
350 2335 419 2384 Inter
437 2333 489 2384 lraec
506 2335 648 2386 abstrattam
665 2341 688 2386 a·
696 2337 873 2405 penetralibus·

62 2477 67 2482 ν
112 2408 245 2472 jugulant:
264 2411 290 2459 irr
300 2409 412 2475 virgines
427 2411 522 2476 deinde,
540 2411 657 2482 respersas
666 2414 752 2464 matris
763 2431 863 2480 cruore,

114 2487 237 2552 impetum
256 2486 360 2538 iaciunt.
393 2505 456 2556 que,
478 2491 583 2542 alienati
601 2501 684 2543 mente
704 2493 773 2545 simul
794 2495 863 2548 luilu

114 2573 243 2628 metuque,
258 2564 328 2614 velut
339 2575 418 2633 eaptae
433 2567 524 2634 lurore,
541 2588 573 2624 eo
590 2571 662 2624 cursu
674 2573 698 2624 se
710 2589 743 2626 ex
754 2573 864 2628 sacrario

114 2641 305 2710 proripuerunt,
326 2652 363 2705 ut,
380 2641 397 2693 li
416 2643 532 2713 effugium
548 2649 663 2718 patuiffet
678 2651 705 2702 iu
725 2651 864 2720 publicum,

113 2721 253 2792 impleturae
263 2719 350 2772 urbem
363 2725 469 2776 tumultu
477 2725 578 2779 fuerint.
604 2731 674 2780 Tum
685 2745 785 2800 quoque
794 2733 863 2788 haud

110 2807 206 2868 rr'ragrro
216 2799 305 2852 edium
314 2801 403 2872 spatio,
411 2805 578 2861 intermedius
587 2817 626 2866 tot
636 2819 752 2878 ornator,
763 2813 862 2880 aliquo-

111 2879 158 2930 tles
171 2881 268 2945 integro
283 2897 389 2952 corpore
403 2885 551 2944 eraserunt:
569 2887 764 2955 tenentibusque,
782 2905 860 2958 quum

111 2961 252 3009 totactam
263 2960 352 3013 validae
362 2962 496 3016 eluiiarrdae
506 2978 594 3016 manus
605 2963 688 3030 effert,
705 2965 861 3038 seseeripue·
939 3025 941 3029 ,

112 3047 186 3092 runt:
204 3037 313 3112 tandem,
324 3043 471 3100 vulneribus
489 3041 614 3116 conicite,
632 3059 709 3115 quum
721 3049 806 3100 omnia
820 3063 861 3096 re-

466 3125 518 3188 Pp
755 3123 858 3192 plellrut
