2140 3640
868 141 873 167 l

377 219 669 272 urrunnu.
853 233 902 287 φοι

103 357 113 365 ,
148 317 261 377 cogeret,
278 307 385 358 fortuna
401 309 426 356 se
446 290 625 358 commilsurus.
664 311 723 372 Quo
741 305 849 376 primum
862 309 905 360 die

147 382 216 433 haud
229 386 318 452 procul
331 383 428 450 Arpis'
422 401 448 434 tn
461 383 591 452 conspectu
605 385 711 436 nostium
723 384 806 470 posuit
817 386 903 452 castra,

147 461 218 508 nulla
236 477 307 510 mora
326 458 398 523 fasta,
415 462 475 525 quin
488 459 722 511 Poentssedueeret'
716 476 741 508 rn
754 460 841 524 aciem,
858 477 902 510 eo·

133 557 135 562 ·
147 536 267 602 piamque
279 536 406 603 pugnandi
416 535 521 586 laceret:
540 535 581 584 sed
593 535 637 584 ubi
649 535 731 602 quieta
740 536 827 588 omnia
835 531 903 602 apud

148 614 239 676 hostes,
256 631 302 663 nec
315 614 391 662 castra
404 614 453 664 ullo
471 613 579 683 tumultu
590 623 659 662 mota
671 613 757 674 videt;
774 613 905 679 increpans

148 688 260 752 quidem,
273 689 353 752 villos
366 687 464 738 tandem
474 703 573 753 quoque
585 687 690 736 Martios
702 689 798 738 animos
807 691 902 738 Roma-

148 767 197 827 pis,
221 767 426 832 debellatumque,
445 767 469 815 &
490 763 628 816 concellum
650 767 776 832 propalam
796 765 826 816 de
848 763 901 816 vir·

147 854 203 891 rute
215 861 243 892 ac
254 845 334 909 gloria
349 845 407 907 ess'ef
420 844 446 892 in
458 844 533 892 castra
543 842 632 892 rediit:
651 849 760 892 ceterum
770 845 844 892 tacita
856 859 901 892 cu-

147 922 177 969 rri
193 923 302 970 animum
322 921 527 990 incensus‚-quod
543 937 600 972 cum
621 919 691 983 duce,
709 920 900 986 haudquaquam

115 1031 120 1039 -
148 997 278 1046 Flaminio
299 999 493 1065 sempronioque
509 997 591 1058 simili,
609 995 692 1045 lutura
712 996 756 1044 fibi
774 1011 810 1046 ret
828 997 900 1058 ellet;

147 1072 180 1120 ae
193 1085 246 1124 tum
258 1075 355 1124 demum
371 1075 450 1126 edolli
465 1075 535 1124 malls
547 1075 657 1122 Romani
670 1090 754 1140 parem
766 1069 901 1123 Hanniball

146 1151 239 1200 ducem
251 1153 389 1217 quesissent.
404 1153 594 1222 &prudentiam
606 1151 713 1216 quidem,
726 1167 776 1201 non
788 1153 849 1214 vim,
862 1151 901 1200 di·

149 1217 252 1278 ¹llatoris
260 1232 411 1298 extemplo'
394 1232 487 1280 timuit.
501 1231 662 1280 constantiam
671 1229 737 1278 haud
745 1229 803 1278 dum
811 1244 901 1296 exper-

151 1317 199 1368 ωε,
210 1311 302 1370 agitare
313 1325 341 1358 ac
354 1320 448 1358 tentare
460 1310 570 1360 animum
581 1305 708 1356 movendo
720 1309 806 1357 crebro
814 1307 902 1370 calita„

148 1383 342 1450 populandoque
351 1387 377 1434 in
389 1387 466 1436 oeulis
477 1387 529 1449 ejus
540 1401 612 1449 agros
620 1385 752 1448 sociorum,
771 1385 852 1452 erepit.
872 1385 900 1436 dt

149 1459 226 1509 modo
237 1462 315 1512 citato
331 1463 428 1526 agmine
439 1467 452 1512 ὲ
464 1461 594 1529 conspeetu
605 1462 698 1524 abibat,
715 1463 790 1521 modo
798 1455 901 1530 repente

149 1537 177 1602 in
188 1539 271 1604 aliquo
289 1541 358 1590 flexu
375 1542 432 1604 viae,
449 1541 466 1590 fi
483 1543 596 1608 excipere
614 1539 748 1606 degreffum
761 1542 785 1589 in
799 1555 898 1606 equum

148 1615 234 1682 pollet,
253 1620 366 1668 occultus
385 1618 532 1670 subsiliebat
567 1621 657 1670 Fabius
675 1634 718 1686 per
733 1619 788 1670 loca
803 1621 851 1668 alta
869 1617 897 1668 a·'

116 1691 117 1696 ’
148 1709 223 1757 grnen
236 1693 350 1760 ducebat,
367 1695 467 1746 modico
485 1697 517 1745 ab
535 1697 603 1758 hollo
620 1696 759 1758 intervallo,
776 1706 805 1744 ut
815 1693 905 1760 neque

147 1765 277 1820 omitteret
298 1787 364 1834 eum,
392 1787 472 1836 neque
494 1770 693 1836 congrederetur.
730 1771 825 1833 Castris,
850 1768 896 1820 nili

68 1842 71 1846 ’
148 1859 269 1914 quantum
282 1847 337 1896 usus
351 1849 482 1898 necelsarid
494 1860 601 1912 cogeret,
614 1847 744 1896 tenebatur
755 1849 832 1896 miles.
850 1865 895 1914 pa.-

111 1980 116 1986 ,
147 1925 271 1976 bulum&
286 1925 352 1990 ligna
363 1927 409 1976 nee
420 1928 493 1994 pauci
506 1927 631 1992 petebant,
649 1938 693 1974 nee
707 1925 799 1990 paffim.
826 1928 895 1990 equi-

149 2012 201 2050 tum
213 2001 323 2066 levisque
341 2014 468 2060 armaturae
484 2003 564 2061 statio,
581 1999 717 2066 composita
734 2000 898 2066 instrutlaque

113 2115 115 2120 -
148 2081 175 2130 in
187 2079 280 2128 subitos
293 2080 419 2144 tumultus,
437 2082 462 2130 ἃ
474 2079 518 2128 [uo
534 2078 608 2127 militi
620 2089 673 2127 tuta
686 2077 778 2142 omnia,
796 2079 819 2128 ἃ
832 2081 896 2130 iose-

148 2159 183 2224 lla
193 2156 272 2206 effnfis
285 2156 389 2206 hostium
402 2157 588 2224 populatoribus
598 2152 729 2222 praebebat
747 2145 827 2222 neque
839 2159 897 2209 uni·
986 2203 989 2212 Δ

147 2234 219 2286 uerso
229 2235 340 2300 periculo
353 2234 447 2286 stimma
456 2251 537 2285 rerum
549 2235 763 2284 committebatur:
782 2235 898 2304 &parva
981 2249 985 2256 ’

146 2299 274 2363 momenta
285 2313 378 2362 leuium
390 2315 555 2362 certaminum
565 2327 599 2362 ex
609 2322 664 2361 tuto
676 2324 820 2379 coeptorum,
836 2317 895 2366 fini-¹

147 2390 211 2441 timo
223 2400 334 2455 receptu
349 2387 539 2438 isuefaciebanr
550 2391 662 2438 territum
672 2389 775 2455 prlllinis
784 2391 898 2446 cladibus

146 2467 261 2528 militem,
277 2469 358 2516 minus
367 2467 423 2530 jam.
438 2470 535 2518 tandem
552 2479 596 2516 aut
608 2470 714 2531 virtutis,
732 2481 774 2518 aut
785 2470 895 2524 fortunae
930 2456 932 2462 ¹

146 2546 265 2616 poenitere
283 2543 338 2594 sirac.
374 2545 486 2594 sednon
504 2545 666 2594 Hannibalem
684 2547 761 2610 magis
778 2549 898 2603 inlellum'

145 2633 198 2672 tam
211 2621 273 2670 sanis
285 2622 389 2671 eonfiliis
400 2623 514 2684 habebat,
533 2629 607 2688 quam
614 2623 753 2688 magistrum
766 2627 897 2692 equitum:

144 2715 188 2768 qur
181 2699 261 2748 nihil
272 2701 349 2764 aliud,
367 2705 439 2766 quam
450 2701 538 2766 quod'
532 2717 610 2767 impar
623 2713 674 2750 erat
686 2703 798 2770 imperio,
815 2723 898 2758 morae

145 2776 177 2826 ad
198 2777 376 2844 rempublicam
393 2777 593 2844 praeeipitandam
610 2779 725 2842 habebat,
741 2777 813 2834 serox
826 2787 898 2858 rapi-

145 2853 257 2924 dusque'
251 2870 277 2902 rn
289 2853 403 2913 confiliis,
419 2871 449 2904 ac
459 2855 543 2919 lingua
555 2855 718 2916 immodicus,
735 2859 833 2922 primd'
827 2873 899 2912 inter

145 2943 247 2998 paucos,
263 2928 320 2978 dein
328 2931 490 2998 propalam'
483 2947 508 2979 m
525 2932 623 2995 vulgus,
640 2947 691 3020 pro
704 2931 843 2984 cunctatore
855 2937 897 2986 se

146 3018 233 3074 dmm»
246 3021 293 3080 910
305 3019 379 3069 cauto
392 3007 515 3132 timiduqn
532 3007 647 3078 affingens
661 3005 760 3070 vicina
751 2987 897 3124 pirruqqne}

514 3088 529 3135 r
817 3091 836 3132 u
866 3089 896 3142 a,
