2076 3612
298 189 308 198 ⁸
383 187 551 238 urrisu
586 189 634 238 rx.
853 203 887 254 ῃ

126 276 270 328 ,iterationem
282 277 336 326 vinc
347 278 452 339 reddant5
469 295 504 327 me
514 278 603 328 obvidm
619 281 652 330 ire
660 279 754 342 crimini,
772 280 800 332 sa
809 281 892 344 offerre

133 371 165 404 me
174 357 270 404 inimicis
282 373 354 416 reum,
371 355 477 406 dictatura
490 373 525 405 me
533 358 613 406 aldim.
647 360 688 407 Vos
699 361 769 426 queso,
785 358 886 424 consulut

128 432 149 496 fi
157 431 218 480 vrbis
234 433 314 482 datum
329 434 356 482 ab
367 435 444 498 finatu
454 435 562 500 negotium
568 435 649 498 fucrit,
665 436 688 484 in
702 453 736 486 me
748 437 844 502 primm
856 436 886 486 θ

132 507 182 556 lunc
199 511 244 557 M.
269 511 366 574 Foslium
379 511 495 576 questiones
511 511 644 572 exerceati53
661 521 684 562 ut
693 522 805 578 appareat,
821 514 884 561 inno·

133 587 199 634 centia*
210 585 284 649 nostrii
296 603 342 648 nos,
359 605 398 636 nnn
412 587 620 651 majestatehonrie
637 597 692 638 tutos
703 589 719 636 a*
726 589 883 638 criminationi·

134 663 222 726 lusistis
240 663 291 728 effe.
328 665 435 714 Abdicat
451 664 508 714 inde
526 663 550 714 se
570 665 696 732 dislaturb,
714 667 739 716 ἃ
754 667 807 733 post
825 681 883 724 eum

132 743 261 790 consessim
273 743 371 792 Fossius
387 744 525 808 magisterio
540 746 666 808 equitum:
685 745 805 812 primique
816 743 883 810 apud

100 829 107 833 '
132 820 243 869 consules
262 821 303 882 (iis
315 823 382 870 enim
397 821 428 870 ab
440 819 525 870 senatu
535 822 650 871 mandata
662 838 699 872 res
709 822 751 886 est)
768 825 804 872 rei
813 821 883 885 fatti,

131 898 248 947 adversus
277 901 401 949 nobilium
427 900 565 950 testimonia
587 902 683 965 egregie
706 899 882 950 absolvuntur.

129 979 251 1028 Publilius
270 980 345 1028 etiarn
365 979 447 1040 Philo,
468 979 638 1045 multiplicatis
658 978 756 1028 summis
777 979 882 1030 horrori*

131 1056 188 1117 bus,
207 1057 260 1122 poll
271 1073 308 1106 res
324 1069 362 1108 tot
378 1059 448 1108 domi
461 1058 576 1122 belloque
593 1058 676 1120 gestas,
693 1064 802 1107 ceterum
813 1059 882 1108 invi-

133 1132 173 1180 sus
193 1135 326 1194 nobilitati,
342 1135 440 1184 causam
463 1135 537 1194 dixit,
555 1133 729 1198 absolutusque
751 1133 792 1182 cll.
828 1137 882 1183 Neo

131 1210 235 1270 diutius,
253 1222 280 1259 ut
300 1211 335 1273 fit,
354 1219 429 1278 quarn
448 1211 509 1262 dum
529 1226 612 1260 recena
632 1223 691 1272 erat,
717 1211 817 1276 quaessio
836 1225 882 1276 pet

130 1290 197 1340 clara
209 1291 311 1340 nomina
325 1307 422 1340 reorum
435 1292 526 1354 viguit.
545 1289 601 1339 inde
612 1291 661 1340 labi
673 1293 747 1357 coepit
757 1290 788 1342 ad
804 1291 880 1340 vilio-

128 1383 158 1416 ra
174 1369 265 1434 capita,
283 1368 362 1418 donec
378 1369 530 1419 coitionibus
544 1367 745 1435 saslionibusque,
762 1369 880 1421 adversus

128 1462 191 1511 quas
207 1460 350 1512 comparata
362 1459 422 1509 erat,
440 1445 551 1515 oppressa
562 1449 604 1496 est.

164 1527 280 1572 XXVII.
300 1529 391 1574 Earum
410 1525 474 1574 sarna
497 1541 588 1586 rerum,
609 1526 688 1590 magis
716 1535 798 1576 tamen
824 1526 880 1592 spes

129 1603 266 1666 Campanae
282 1601 433 1664 deseslionis,
451 1603 566 1667 inquam
583 1604 740 1666 conjuratum
757 1614 818 1664 erat,
836 1608 878 1652 Sa-

129 1681 229 1741 mnites,
247 1681 273 1728 in
291 1681 408 1746 Apuliam
419 1679 510 1743 versos,
528 1679 608 1730 rursus
622 1681 651 1729 ad
672 1681 792 1730 Caudium
805 1697 879 1730 revo-

128 1759 217 1806 cavit:
234 1768 264 1804 ut
277 1757 334 1804 inde
347 1772 378 1806 ex
391 1759 539 1823 propinquo,
551 1757 567 1804 fi
579 1758 621 1822 qui
632 1769 716 1808 motus
724 1757 878 1810 occationem

128 1835 246 1900 aperiret,
274 1838 384 1900 Capuam
405 1836 525 1906 Romanis
545 1836 676 1898 eriperent.
710 1837 749 1882 Εὸ
767 1833 881 1884 consules

129 1927 185 1960 cum
197 1910 285 1960 valido
305 1913 416 1960 exercitu
430 1921 562 1960 venerunt.
581 1911 605 1958 &
624 1911 704 1974 primb
718 1910 783 1958 circa
795 1911 884 1974 saltus,

127 2005 204 2052 quum
223 1990 338 2053 utrinque
354 1989 385 2038 ad
405 1989 498 2038 bostem
515 1988 601 2051 iniqua
621 1987 665 2033 via
685 1985 749 2046 esset,
767 1985 881 2043 ¹currsiati

128 2063 201 2118 sum:
219 2064 308 2114 deinde
321 2066 440 2124 Samnites
458 2079 502 2130 per
519 2073 604 2130 aperta
623 2061 678 2109 loca
690 2061 760 2109 brevi
775 2061 880 2112 circuitu

128 2143 154 2196 in
168 2143 224 2192 loca
245 2143 326 2207 plana,
345 2146 484 2208 Campanos
502 2156 610 2208 campos,
627 2154 716 2203 agmen
737 2137 881 2202 demittunt,

128 2220 212 2285 ibique
223 2221 332 2287 primum
350 2221 425 2270 castra
440 2217 608 2286 inconspeflu
619 2218 728 2268 hostibus
745 2215 816 2266 data:
834 2219 878 2268 de·
924 2229 931 2238 ·

94 2349 96 2354 ,
128 2297 185 2348 inde
198 2297 296 2348 levibus
306 2299 406 2366 proeliis,
425 2299 536 2362 equitum
554 2297 647 2364 saepius,
666 2302 739 2362 quiam
754 2298 879 2364 pediturn,

127 2377 243 2441 utrinque
261 2376 398 2442 perieulum
417 2375 525 2424 fastum:
543 2389 588 2424 nec
606 2384 648 2423 aut
663 2373 768 2422 eventbs
788 2390 878 2426 eorum

126 2455 276 2512 Romanum,
294 2465 338 2502 aut
349 2452 501 2517 morsa-qula
513 2451 641 2500 trahebant
656 2450 756 2510 bellum,
775 2453 878 2514 poenite-

127 2530 179 2580 bat.
213 2531 362 2580 samnitium
374 2535 461 2580 contra
470 2529 581 2591 ducibus,
599 2528 624 2578 81
636 2529 703 2596 carpi
719 2529 803 2594 parvis
812 2546 878 2597 'quo-

128 2609 187 2668 fidit
197 2607 301 2671 damnis,
319 2609 345 2658 ἃ
362 2606 485 2656 senescere
496 2607 614 2657 dilatione
625 2606 684 2655 belli
696 2608 760 2656 vires
772 2607 820 2658 suae
835 2609 878 2659 vi·

127 2687 254 2738 debautur.
283 2689 369 2751 itaque
389 2687 415 2734 in
435 2687 513 2734 aciem
534 2684 679 2751 procedunt,
705 2687 828 2750 equitibus
848 2690 879 2739 in

127 2779 217 2812 cornua
240 2762 343 2814 divisis:
371 2761 460 2826 quibus
478 2773 626 2829 praeceptum
648 2771 707 2822 erat,
730 2763 880 2814 intentiores

120 2839 158 2888 'ad
175 2839 313 2907 respesium
332 2841 475 2901 castrorum,
490 2856 581 2904 nequa
602 2844 631 2888 eb
649 2841 687 2890 vis
705 2840 782 2905 fieret,
800 2849 877 2908 quam

129 2915 159 2966 ad
171 2919 289 2980 proelirum
307 2917 414 2966 sl'arent:
432 2917 511 2965 aciem
528 2917 604 2984 pediti
620 2929 699 2966 tutam
710 2919 774 2969 fore.
810 2925 880 2970 Con·

131 2991 209 3051 sulum
226 2994 351 3064 Sulpicius
374 2995 401 3046 in
420 2992 518 3056 dextro,
536 2995 649 3047 Poetelius
669 2997 696 3048 in
714 2997 778 3050 lavo
797 3011 880 3046 cornu

478 3074 531 3124 Bt
796 3070 880 3123 centn
