2126 3642
197 239 246 302 364
421 237 488 290 ¹''l'.
523 239 682 292 lels

194 341 244 392 quo
256 343 345 396 canrpo
362 327 442 394 signis,
457 331 523 394 julio
541 325 882 399 proelio'Karthaginiensetn
902 337 953 388 ho-

193 403 253 454 iiem
264 405 396 473 superaret.
432 409 553 458 Romania
563 425 663 476 quoque
674 411 699 459 ln
713 411 835 478 Hispania
847 413 952 478 legato-

192 495 248 534 rum
260 486 322 548 regis
334 485 457 537 adventur
474 503 565 552 magno
578 487 747 540 emolumento
758 489 816 540 suit.
834 505 951 558 namque

191 561 223 612 ad
235 561 327 614 samam
339 581 427 617 eorum
444 567 598 617 transitiones
613 569 705 618 erebra
721 569 753 618 ab
765 570 885 620 Numidis
897 585 951 622 ere·

190 650 240 708 pta
253 641 315 692 sieri.
351 647 389 694 lta
402 661 458 694 cum
471 645 583 712 Syphace
600 647 720 696 Romanis
734 645 821 709 jiitta
831 648 948 696 amicitia

190 719 232 768 eli.
268 721 344 786 Quod
356 723 400 773 ubi
413 721 626 786 Karthaginienses
637 735 794 792 aeceperunt,
811 726 947 792 extempio

190 797 222 848 ed
235 801 334 864 Galam,
351 801 377 851 in
396 811 464 869 parte
482 800 556 849 altera
572 802 697 852 Numidia
717 801 829 868 (Massyli
841 819 870 853 ea
882 817 947 868 geria

189 880 308 942 vocatur)
320 893 471 946 regnantem,
488 879 583 943 legatos
594 880 707 932 mittunt.
954 885 957 900 ¹

224 962 321 1010 XLIX.
340 963 429 1012 Filium
443 961 507 1010 Gala
519 957 668 1009 Masinissam
679 958 794 1023 habebat,
807 959 901 1027 septem
914 959 945 1011 k

189 1037 276 1090 decem
290 1055 368 1090 annos
385 1051 479 1103 natum,
497 1042 607 1088 ceterum
622 1038 742 1102 juvenem
759 1039 787 1086 eii
799 1039 892 1102 indole,
910 1048 943 1088 ut

186 1116 241 1182 jam
253 1127 305 1167 turn
317 1129 454 1186 appareret,
462 1117 534 1166 latins
543 1129 645 1178 regnum
657 1113 852 1182 opulentiusque,
861 1125 939 1182 quam

188 1195 326 1263 accepisset,
344 1196 473 1245 sasiiirum.
501 1194 599 1257 Legati,
615 1194 714 1260 quoniam
723 1195 811 1261 Syphax
818 1196 844 1260 se
855 1197 940 1244 Roma-

188 1274 222 1322 nis
226 1272 337 1338 jnnxrffei,
355 1283 379 1322 ri
387 1273 495 1339 potentior
507 1273 612 1338 societate
628 1287 700 1320 eorum
712 1273 814 1337 adversus
825 1289 886 1340 reges
895 1284 938 1338 pa·

183 1350 285 1417 pilosque
305 1351 390 1412 Africa
409 1347 465 1414 effer,
483 1347 590 1408 docent;
616 1349 691 1397 melius
704 1349 757 1413 sore
770 1350 832 1420 Gale
849 1365 937 1417 quoqne,

185 1425 399 1493 Karthaginiensibus
410 1426 476 1493 jnigi
492 1427 557 1492 quini
568 1425 673 1490 primiiin,
689 1435 803 1493 antequam
812 1427 896 1494 Syphax
912 1429 938 1476 in

185 1505 324 1572 Hispaniam,
341 1513 380 1552 aar
394 1505 485 1552 Romani
500 1506 523 1552 in
536 1503 642 1566 Africam
652 1505 775 1572 iranfianiJ
791 1505 886 1570 opprimi
895 1505 937 1568 Sy-

183 1583 282 1650 phacem,
300 1581 403 1632 nihildum
414 1591 491 1646 prater
502 1598 576 1638 nomen
584 1598 610 1631 ex
616 1581 701 1646 federe
712 1584 809 1632 Romano
816 1581 937 1644 bibentem,

181 1662 249 1732 pff.
284 1662 365 1714 Facile
375 1659 516 1730 persuasum
530 1661 607 1724 Gitae,
625 1659 678 1710 filio
690 1660 838 1728 deposcente
848 1661 872 1711 id
882 1663 935 1712 bel-

185 1741 248 1803 lum,
271 1737 455 1791 mexercitum
475 1739 598 1789 mitteret:
623 1738 675 1802 qui,
693 1739 936 1803 Karthaginiensium

185 1819 326 1886 legionibus
340 1817 487 1883 conjunilis,
502 1831 595 1882 magno
612 1816 700 1882 proelio
712 1818 850 1885 Syphacem
861 1818 935 1868 devi-

84 1896 87 1904 '
184 1899 229 1949 eit.
244 1899 361 1965 Triginta
370 1899 446 1948 millia
456 1912 487 1947 eo
495 1895 582 1964 proelio
592 1895 723 1946 hominum
735 1898 796 1952 eaesa
807 1897 933 1948 dicuntur.

184 1976 290 2044 syphax
310 1992 367 2026 eum
386 1975 470 2044 paucis
488 1972 610 2040 equitibus
627 1973 653 2022 in
670 1974 811 2024 Maurusios
827 1989 860 2024 ex
878 1975 936 2024 acie

184 2054 309 2105 Numidas
320 2054 434 2121 (extremi
446 2049 524 2120 prope
535 2053 661 2100 Oceanum
672 2051 790 2102 adversus
800 2052 881 2103 Gades
889 2069 934 2103 co·

183 2131 248 2197 lunt)
265 2134 371 2198 refugit:
389 2129 597 2197 affluentibusque'
605 2129 636 2180 ad
650 2130 743 2181 sarnam
755 2132 808 2195 ejus
822 2131 934 2198 undique

157 2221 160 2228 “
185 2211 305 2275 barbaris,
323 2212 434 2277 ingentes
446 2210 517 2259 brevi
533 2210 618 2276 copias
634 2209 750 2259 armavit.
767 2225 823 2260 cuni
842 2211 935 2276 quibua

183 2300 317 2356 antequam
328 2291 354 2338 in
367 2287 512 2355 Hispaniam
527 2287 630 2352 angusto
644 2285 790 2353 diremptam
802 2286 869 2337 freto
880 2298 933 2340 tra·

181 2367 278 2434 liceret,
296 2365 418 2419 Masinissa
427 2381 485 2416 cum
498 2367 593 2416 vidore
606 2368 717 2416 exercitu
726 2364 843 2414 advenit:
860 2365 933 2431 isque

125 2477 128 2482 -
183 2447 288 2496 ibicum
304 2447 415 2513 Syphace
427 2443 522 2508 ingenti
534 2445 611 2508 'gloria
629 2443 715 2512 perse,
733 2442 781 2492 sine
798 2442 854 2493 ullis
867 2446 930 2494 Kar·

183 2523 373 2587 rhaginiensiutn
384 2523 483 2589 opibus,
501 2523 570 2586 geffit
584 2523 685 2577 bellum.
711 2526 750 2574 'In
762 2521 881 2591 Hispania
891 2525 931 2574 ni·

183 2602 220 2653 hil
235 2601 395 2651 memorabile
405 2599 508 2664 gestum,
526 2612 687 2668 preterquam
700 2602 767 2669 quod
779 2602 931 2656 Celtibenlm

181 2683 342 2746 juventutem
356 2679 441 2731 eadem
453 2679 575 2742 mercede,
592 2683 640 2746 quii
650 2679 719 2748 paiia
729 2697 785 2731 euin
799 2682 930 2746 Karthagi-

182 2757 306 2811 niensibus
326 2768 386 2820 erat,
404 2758 565 2825 imperatores
585 2760 693 2808 Romani
713 2757 743 2807 ad
764 2759 790 2806 se
810 2757 931 2824 perduxe-

182 2849 259 2890 runt:
278 2837 302 2886 a
315 2836 473 2888 nobilissimos
486 2837 608 2904 Hispanos
625 2837 697 2905 supra
708 2845 832 2886 trecentos
844 2837 869 2886 in
879 2839 930 2886 lta-

182 2917 243 2968 liam
256 2915 287 2966 ad
299 2915 464 2970 sollicitandos
475 2918 612 2985 populares,
630 2917 671 2981 qui
682 2917 748 2966 inter
759 2915 853 2965 auxilia
864 2918 929 2964 Han·

184 2995 273 3045 nibalis
284 3007 361 3065 erant,
378 2995 506 3045 miserunt.
542 2995 570 3043 ld
581 2995 657 3044 modo
668 2995 720 3056 ejiis
735 2995 793 3042 anni
804 2993 829 3043 in
842 2989 929 3059 Hispa·

180 3073 226 3125 oia
236 3070 268 3126 ad
278 3073 425 3134 memoriam
438 3070 531 3138 insigne
545 3070 585 3136 esi,
595 3069 662 3134 qued
672 3070 854 3126 mercenarium
865 3067 930 3121 mili·

528 3161 532 3165 “
555 3161 558 3173 ·
878 3153 929 3198 tent
