2058 3642
204 215 257 282 ate
467 205 504 262 T.
541 209 698 264 leil

205 312 303 364 nutum
312 299 404 350 laboris
419 301 574 368 periculique
585 300 695 366 seruent,
713 299 739 352 dc
751 301 840 370 capti,
862 319 923 356 eum
936 305 976 368 iis,

204 379 286 448 quiin
297 392 379 427 arcem
396 377 571 444 confugerant,
589 379 677 444 iniquo
691 380 771 430 etiam
787 379 853 432 loco
867 381 975 446 pugnis-

204 456 267 521 seut)
284 470 371 504 curare
382 470 489 523 corpora
498 455 574 520 jullit.
608 453 709 506 Postero
720 455 773 519 die,
790 457 923 508 militibus
931 474 973 508 aa·
1000 459 1001 466 ’

203 533 353 599 salibusque
365 531 438 584 sociis
451 534 605 596 convocatis,
622 534 736 602 primum
748 535 809 586 Diis
818 536 972 586 immortali-

204 611 251 668 brn
260 611 392 678 laudesque
402 612 427 663 st
436 623 517 678 grates
530 613 590 676 egit,
607 612 652 678 qni
664 611 689 662 se
700 628 754 662 non
763 612 839 662 urbis
850 612 937 667 solum
948 631 972 664 o

205 691 377 760 pulcntillimz
387 693 501 742 omnitutr
517 693 543 742 iu
558 690 681 758 Hispania
692 707 746 741 uno
762 690 810 742 die
821 703 971 758 compotem
1001 697 1002 714 ¹

117 769 120 776 '
204 767 323 833 secislmt,
341 769 382 820 sed
393 774 451 824 ante
461 761 679 836 eb'corrgcslisserrt
694 769 780 820 omnis
792 777 863 836 pene
883 771 972 820 Africa

112 1525 116 1532 ,
204 1473 262 1537 esse,
278 1475 322 1541 qui
340 1475 435 1541 primus
450 1489 550 1529 luteum
561 1473 715 1529 ascendisset.
732 1476 914 1542 profiteretur,
929 1479 967 1543 qui

203 859 281 916 atque
290 847 417 916 Hispani:
429 863 504 917 opes:
522 857 551 898 nt
565 862 646 914 neque
657 845 772 898 hollibus
784 848 928 914 quicquam
937 865 970 898 re-

205 926 368 993 linqueretur,
384 927 409 978 &
423 926 468 976 sbi
484 942 514 976 ae
528 923 576 974 suis
593 923 680 979 omnia
698 923 870 991 superessent.
906 927 970 976 Mili-

204 1017 263 1064 tum
276 1005 365 1058 deinde
382 1008 503 1058 virtutem
520 1001 684 1066 collaudavit,
700 1001 771 1070 quod
791 1019 837 1054 eos
850 1019 907 1056 uon
919 1021 969 1054 eru·

207 1087 264 1154 ptio
278 1085 393 1148 hostium,
409 1101 462 1142 uon
477 1083 583 1142 altitudo
593 1083 722 1147 maenium,
740 1098 795 1134 non
809 1084 968 1152 inexplorata

207 1165 285 1230 stagni
303 1165 377 1228 rada,
393 1179 445 1216 uon
457 1163 582 1217 castellum
593 1163 618 1214 in
630 1162 682 1216 alto
695 1162 796 1214 mutulo
816 1163 906 1225 situm,
922 1179 966 1216 non

206 1241 366 1298 munitissinta
373 1257 420 1296 arx
427 1241 589 1307 deterruisset,
606 1242 750 1308 quominus
760 1241 966 1294 transcenderent
1003 1259 1004 1264 ¹

204 1323 292 1374 emnia
307 1332 552 1390 perrumperentque.
580 1324 676 1387 Itaque,
688 1337 840 1388 quanquam
854 1323 966 1375 omnibus

202 1399 291 1450 mnia
304 1397 412 1460 deberet,
430 1400 585 1465 prucipuunt
599 1399 699 1451 mutuis
712 1413 820 1450 coronae
832 1399 912 1452 decus
919 1400 967 1464 ejus

146 1575 149 1582 ·
202 1549 345 1616 sedignurn
360 1567 392 1602 eo
409 1550 509 1604 duceret
522 1551 602 1604 dono.
639 1555 700 1604 Duo
716 1553 824 1620 prosessi
841 1555 915 1606 suat:
936 1561 967 1618 Q.

204 1631 348 1684 Trebellius
363 1632 476 1685 cenutrio
487 1633 593 1697 legionis
607 1643 710 1698 quarta,
728 1634 755 1686 de
768 1639 831 1684 Sea.
856 1636 966 1698 Digitius
1004 1635 1005 1670 f

200 1709 289 1770 socius
298 1712 404 1762 navalis.
422 1726 468 1762 nec
481 1709 526 1780 ipsi
540 1723 591 1762 tam
606 1711 671 1762 inter
687 1710 713 1762 se
723 1713 820 1762 acriter
831 1714 964 1764 contende-

204 1785 276 1850 bant,
293 1793 367 1854 quam
385 1787 463 1839 studia
480 1788 651 1840 excitaverant
668 1795 776 1856 uterque
794 1788 836 1838 sui
852 1790 965 1856 corporis

206 1864 347 1919 lroruinunr.
382 1866 462 1916 sociis
480 1869 515 1918 Cr
529 1865 618 1916 Laelius
630 1861 759 1931 prasellus
775 1866 870 1927 clasfir;
888 1867 964 1932 legio

205 1945 283 1996 sarus
294 1945 334 1993 M.
350 1946 509 2012 sempronius
525 1941 667 1994 Tuditanus
681 1943 777 1992 aderat.
813 1947 852 1994 Ea
862 1958 965 1996 conten-

205 2021 244 2072 tio
254 2035 331 2088 quum
340 2037 418 2090 prope
430 2018 575 2073 seditioilem
584 2020 689 2083 veniret,
707 2020 793 2088 Scipio
802 2031 853 2072 tres
860 2039 965 2093 recupe-

205 2109 301 2150 ratores
316 2115 395 2165 quurn
411 2099 434 2149 se
451 2099 564 2150 daturum
581 2095 771 2172 pronunciatur,
787 2101 844 2162 qui,
862 2105 965 2165 cogniti

205 2177 281 2226 causa
292 2175 441 2243 testibusque
453 2178 550 2237 auditis,
564 2175 711 2242 judicarent,
729 2185 785 2226 uter
795 2177 869 2241 prior
878 2179 907 2230 in
921 2198 964 2248 op·

205 2251 293 2320 pidum
309 2255 506 2318 transcendisset;
525 2261 554 2308 C.
570 2255 683 2308 ustio&
702 2257 740 2306 M.
749 2257 905 2318 Sempronio
922 2260 964 2310 ad·

205 2329 305 2378 vocatis
321 2332 399 2396 partis
417 2333 544 2399 utriusque
560 2336 587 2383 P.
608 2323 750 2384 Cornelium
768 2329 916 2384 Caudinum
933 2338 965 2388 de

205 2407 291 2458 inedie
299 2407 391 2471 adjecit
398 2428 405 2469 ;
416 2411 514 2475 eosque
529 2422 576 2464 tres
588 2413 769 2479 recuperatores
777 2407 920 2476 considere,
938 2417 963 2467 ἃ

204 2483 305 2536 ausam
316 2486 468 2548 cognoscere
477 2487 553 2550 jussit.
590 2495 675 2554 Quum
689 2503 726 2540 m
743 2504 772 2540 eo
790 2489 890 2552 majore
902 2509 959 2557 age-

179 2619 183 2624 ,
203 2573 274 2614 retur
283 2563 428 2628 certamine,
446 2564 513 2629 quod
527 2570 607 2617 amoti
619 2580 692 2620 tantae
707 2568 836 2633 dignitatis
848 2585 900 2620 non
910 2583 959 2622 tarn

203 2637 331 2701 advocati,
350 2643 424 2703 quarn
443 2641 614 2696 moderatores
633 2645 770 2712 studiorum
789 2644 904 2710 suerant3
930 2651 958 2697 C.

204 2715 309 2781 Laelitts,¹
324 2716 408 2768 relilio
426 2719 545 2784 concilio,
560 2721 592 2773 ad
603 2722 711 2772 tribunal
722 2722 753 2772 ad
766 2724 908 2790 Scipionem
920 2741 958 2775 ac·

203 2793 281 2858 cedit,
297 2811 404 2864 eumque
419 2800 501 2863 docet,
518 2801 618 2866 temfiue
629 2803 688 2850 nudo
699 2819 725 2852 ae
741 2801 844 2866 nirdqsia
860 2802 918 2868 agi:
933 2817 957 2850 ac

203 2879 277 2942 prope
292 2874 340 2942 effe,
356 2887 382 2925 at
397 2893 473 2928 maus
486 2879 544 2928 iuter
553 2880 579 2944 se
593 2881 712 2944 conferam.
748 2883 859 2943 Ceterum,
875 2879 956 2943 etiarnsi

97 2949 100 2964 ¹
122 2951 130 2966 '
206 2951 248 3000 uir
264 2951 324 3015 cifis,
342 2952 477 3004 sibilensium
494 2952 611 3018 detestabili
628 2957 723 3022 exemplo
736 2973 784 3006 rem
800 2958 854 3023 agi3
878 2957 954 3024 quippe

202 3026 242 3079 rrbr'
247 3026 331 3092 fraude
341 3043 367 3078 cc
378 3031 476 3097 periuris
487 3032 548 3082 &cur
557 3039 646 3098 petato
656 3032 768 3138 utriusq,
793 3035 859 3084 Stare
865 3032 916 3106 fine
924 3033 953 3080 le·

209 3131 213 3137 .
842 3111 950 3164 grenarius
