<?xml version="1.0" encoding="UTF-8"?>
<!DOCTYPE html PUBLIC "-//W3C//DTD XHTML 1.0 Transitional//EN"
    "http://www.w3.org/TR/xhtml1/DTD/xhtml1-transitional.dtd">
<html xmlns="http://www.w3.org/1999/xhtml" xml:lang="en" lang="en">
 <head>
  <title>
</title>
<meta http-equiv="Content-Type" content="text/html;charset=utf-8" />
  <meta name='ocr-system' content='tesseract 3.04.00' />
  <meta name='ocr-capabilities' content='ocr_page ocr_carea ocr_par ocr_line ocrx_word'/>
</head>
<body>
  <div class='ocr_page' id='page_1' title='image "./historiarumabur00livygoog_0279.png"; bbox 0 0 2126 3642; ppageno 0'>
   <div class='ocr_carea' id='block_1_1' title="bbox 148 174 901 366">
    <p class='ocr_par' dir='ltr' id='par_1_1' title="bbox 148 174 901 366">
     <span class='ocr_line' id='line_1_1' title="bbox 148 174 638 280; baseline -0.002 -18"><span class='ocrx_word' id='word_1_1' title='bbox 148 211 203 280; x_wconf 66' lang='lat' dir='ltr'>ins</span> <span class='ocrx_word' id='word_1_2' title='bbox 407 210 445 262; x_wconf 81' lang='grc' dir='ltr'>τ.</span> <span class='ocrx_word' id='word_1_3' title='bbox 470 174 638 262; x_wconf 75' lang='lat' dir='ltr'>n1vrr</span> 
     </span>
     <span class='ocr_line' id='line_1_2' title="bbox 150 287 901 366; baseline 0 -18"><span class='ocrx_word' id='word_1_4' title='bbox 150 287 265 348; x_wconf 72' lang='lat' dir='ltr'>Manicio</span> <span class='ocrx_word' id='word_1_5' title='bbox 282 295 371 364; x_wconf 88' lang='lat' dir='ltr'>(scriba</span> <span class='ocrx_word' id='word_1_6' title='bbox 382 300 402 350; x_wconf 90' lang='lat' dir='ltr'>is</span> <span class='ocrx_word' id='word_1_7' title='bbox 410 310 485 350; x_wconf 83' lang='lat' dir='ltr'>antea</span> <span class='ocrx_word' id='word_1_8' title='bbox 496 299 587 366; x_wconf 81' lang='lat' dir='ltr'>fuerat)</span> <span class='ocrx_word' id='word_1_9' title='bbox 605 297 741 350; x_wconf 85' lang='lat' dir='ltr'>redieruut.</span> <span class='ocrx_word' id='word_1_10' title='bbox 777 299 862 349; x_wconf 78' lang='lat' dir='ltr'>Statua</span> <span class='ocrx_word' id='word_1_11' title='bbox 874 311 901 348; x_wconf 83' lang='lat' dir='ltr'>e-</span> 
     </span>
    </p>
   </div>
   <div class='ocr_carea' id='block_1_2' title="bbox 62 371 1055 2546">
    <p class='ocr_par' dir='ltr' id='par_1_2' title="bbox 150 371 903 446">
     <span class='ocr_line' id='line_1_3' title="bbox 150 371 903 446; baseline 0.003 -26"><span class='ocrx_word' id='word_1_12' title='bbox 150 371 190 434; x_wconf 86' lang='lat' dir='ltr'>jus</span> <span class='ocrx_word' id='word_1_13' title='bbox 201 373 295 424; x_wconf 90' lang='lat' dir='ltr'>indicio</span> <span class='ocrx_word' id='word_1_14' title='bbox 306 375 362 446; x_wconf 83' lang='lat' dir='ltr'>suit,</span> <span class='ocrx_word' id='word_1_15' title='bbox 381 378 498 428; x_wconf 85' lang='lat' dir='ltr'>Praenelle</span> <span class='ocrx_word' id='word_1_16' title='bbox 511 379 536 427; x_wconf 92' lang='lat' dir='ltr'>in</span> <span class='ocrx_word' id='word_1_17' title='bbox 554 377 610 438; x_wconf 80' lang='lat' dir='ltr'>foro</span> <span class='ocrx_word' id='word_1_18' title='bbox 629 377 727 440; x_wconf 82' lang='lat' dir='ltr'>statuta,</span> <span class='ocrx_word' id='word_1_19' title='bbox 745 375 857 436; x_wconf 80' lang='lat' dir='ltr'>loricata,</span> <span class='ocrx_word' id='word_1_20' title='bbox 874 389 903 422; x_wconf 85' lang='lat' dir='ltr'>a·</span> 
     </span>
    </p>

    <p class='ocr_par' dir='ltr' id='par_1_3' title="bbox 78 449 905 751">
     <span class='ocr_line' id='line_1_4' title="bbox 78 449 904 522; baseline -0.001 -22"><span class='ocrx_word' id='word_1_21' title='bbox 78 471 79 478; x_wconf 49' lang='lat'>¹</span> <span class='ocrx_word' id='word_1_22' title='bbox 145 449 226 516; x_wconf 49' lang='lat' dir='ltr'>‚mitta</span> <span class='ocrx_word' id='word_1_23' title='bbox 239 453 306 516; x_wconf 75' lang='lat' dir='ltr'>togi,</span> <span class='ocrx_word' id='word_1_24' title='bbox 324 453 409 504; x_wconf 87' lang='lat' dir='ltr'>velato</span> <span class='ocrx_word' id='word_1_25' title='bbox 421 457 502 522; x_wconf 84' lang='lat' dir='ltr'>capite</span> <span class='ocrx_word' id='word_1_26' title='bbox 509 473 516 514; x_wconf 91' lang='lat'>;</span> <span class='ocrx_word' id='word_1_27' title='bbox 533 454 617 505; x_wconf 84' lang='lat' dir='ltr'>&amp;tria</span> <span class='ocrx_word' id='word_1_28' title='bbox 631 453 699 520; x_wconf 79' lang='lat' dir='ltr'>signa</span> <span class='ocrx_word' id='word_1_29' title='bbox 710 468 767 502; x_wconf 82' lang='lat' dir='ltr'>cunr</span> <span class='ocrx_word' id='word_1_30' title='bbox 779 453 854 502; x_wconf 90' lang='lat' dir='ltr'>titulo</span> <span class='ocrx_word' id='word_1_31' title='bbox 865 452 904 500; x_wconf 87' lang='lat' dir='ltr'>la·</span> 
     </span>
     <span class='ocr_line' id='line_1_5' title="bbox 153 529 903 598; baseline 0 -22"><span class='ocrx_word' id='word_1_32' title='bbox 153 541 217 576; x_wconf 77' lang='lat' dir='ltr'>rnnae</span> <span class='ocrx_word' id='word_1_33' title='bbox 232 543 303 580; x_wconf 84' lang='lat' dir='ltr'>aeneae</span> <span class='ocrx_word' id='word_1_34' title='bbox 315 529 443 597; x_wconf 86' lang='lat' dir='ltr'>inscripto,</span> <span class='ocrx_word' id='word_1_35' title='bbox 461 532 588 580; x_wconf 71' lang='lat' dir='ltr'>Minicium</span> <span class='ocrx_word' id='word_1_36' title='bbox 597 543 639 598; x_wconf 84' lang='lat' dir='ltr'>pro</span> <span class='ocrx_word' id='word_1_37' title='bbox 651 529 762 592; x_wconf 79' lang='lat' dir='ltr'><em>militibus,</em></span> <span class='ocrx_word' id='word_1_38' title='bbox 778 532 813 596; x_wconf 82' lang='lat' dir='ltr'>qui</span> <span class='ocrx_word' id='word_1_39' title='bbox 827 529 903 594; x_wconf 81' lang='lat' dir='ltr'>Castli-</span> 
     </span>
     <span class='ocr_line' id='line_1_6' title="bbox 151 605 905 676; baseline 0.007 -22"><span class='ocrx_word' id='word_1_40' title='bbox 151 605 175 654; x_wconf 84' lang='lat' dir='ltr'>ni</span> <span class='ocrx_word' id='word_1_41' title='bbox 186 606 209 653; x_wconf 85' lang='lat' dir='ltr'>in</span> <span class='ocrx_word' id='word_1_42' title='bbox 217 607 312 672; x_wconf 78' lang='lat' dir='ltr'>praessdio</span> <span class='ocrx_word' id='word_1_43' title='bbox 318 607 414 673; x_wconf 75' lang='lat' dir='ltr'>fuerint,</span> <span class='ocrx_word' id='word_1_44' title='bbox 430 619 506 658; x_wconf 81' lang='lat' dir='ltr'>votum</span> <span class='ocrx_word' id='word_1_45' title='bbox 518 609 611 676; x_wconf 69' lang='lat' dir='ltr'>voniffl.</span> <span class='ocrx_word' id='word_1_46' title='bbox 646 609 714 658; x_wconf 85' lang='lat' dir='ltr'>Idem</span> <span class='ocrx_word' id='word_1_47' title='bbox 728 609 812 657; x_wconf 89' lang='lat' dir='ltr'>titulus</span> <span class='ocrx_word' id='word_1_48' title='bbox 825 607 905 660; x_wconf 84' lang='lat' dir='ltr'>nibus</span> 
     </span>
     <span class='ocr_line' id='line_1_7' title="bbox 153 678 751 751; baseline 0.005 -23"><span class='ocrx_word' id='word_1_49' title='bbox 153 678 225 744; x_wconf 83' lang='lat' dir='ltr'>llgnis</span> <span class='ocrx_word' id='word_1_50' title='bbox 237 682 263 730; x_wconf 91' lang='lat' dir='ltr'>in</span> <span class='ocrx_word' id='word_1_51' title='bbox 277 682 328 732; x_wconf 84' lang='lat' dir='ltr'>aede</span> <span class='ocrx_word' id='word_1_52' title='bbox 340 687 360 732; x_wconf 84' lang='lat' dir='ltr'>F</span> <span class='ocrx_word' id='word_1_53' title='bbox 361 696 456 734; x_wconf 82' lang='lat' dir='ltr'>ortunae</span> <span class='ocrx_word' id='word_1_54' title='bbox 468 685 551 751; x_wconf 74' lang='lat' dir='ltr'>postris</span> <span class='ocrx_word' id='word_1_55' title='bbox 562 684 610 734; x_wconf 87' lang='lat' dir='ltr'>fuit</span> <span class='ocrx_word' id='word_1_56' title='bbox 622 682 751 746; x_wconf 80' lang='lat' dir='ltr'>subjellus.</span> 
     </span>
    </p>

    <p class='ocr_par' dir='ltr' id='par_1_4' title="bbox 148 759 1055 1524">
     <span class='ocr_line' id='line_1_8' title="bbox 187 759 902 830; baseline 0 -22"><span class='ocrx_word' id='word_1_57' title='bbox 187 761 248 808; x_wconf 89' lang='lat' dir='ltr'>XX.</span> <span class='ocrx_word' id='word_1_58' title='bbox 268 761 400 812; x_wconf 79' lang='lat' dir='ltr'>Casilinum</span> <span class='ocrx_word' id='word_1_59' title='bbox 419 763 539 830; x_wconf 84' lang='lat' dir='ltr'>oppidum</span> <span class='ocrx_word' id='word_1_60' title='bbox 561 762 683 811; x_wconf 85' lang='lat' dir='ltr'>redditum</span> <span class='ocrx_word' id='word_1_61' title='bbox 706 759 838 826; x_wconf 78' lang='lat' dir='ltr'>Campanis</span> <span class='ocrx_word' id='word_1_62' title='bbox 858 759 902 822; x_wconf 88' lang='lat' dir='ltr'>ell,</span> 
     </span>
     <span class='ocr_line' id='line_1_9' title="bbox 152 834 902 908; baseline 0 -23"><span class='ocrx_word' id='word_1_63' title='bbox 152 834 279 888; x_wconf 80' lang='lat' dir='ltr'>firmatum</span> <span class='ocrx_word' id='word_1_64' title='bbox 290 837 502 908; x_wconf 79' lang='lat' dir='ltr'>septingentorum</span> <span class='ocrx_word' id='word_1_65' title='bbox 514 841 620 890; x_wconf 83' lang='lat' dir='ltr'>militurn</span> <span class='ocrx_word' id='word_1_66' title='bbox 633 839 663 888; x_wconf 86' lang='lat' dir='ltr'>de</span> <span class='ocrx_word' id='word_1_67' title='bbox 680 840 792 888; x_wconf 79' lang='lat' dir='ltr'>exercitu</span> <span class='ocrx_word' id='word_1_68' title='bbox 802 835 902 890; x_wconf 85' lang='lat' dir='ltr'>Hanni-</span> 
     </span>
     <span class='ocr_line' id='line_1_10' title="bbox 151 913 900 984; baseline 0 -20"><span class='ocrx_word' id='word_1_69' title='bbox 151 913 213 964; x_wconf 88' lang='lat' dir='ltr'>balis</span> <span class='ocrx_word' id='word_1_70' title='bbox 234 915 357 982; x_wconf 72' lang='lat' dir='ltr'>proclidio,</span> <span class='ocrx_word' id='word_1_71' title='bbox 376 935 415 984; x_wconf 86' lang='lat' dir='ltr'>ne,</span> <span class='ocrx_word' id='word_1_72' title='bbox 432 919 477 968; x_wconf 91' lang='lat' dir='ltr'>ubi</span> <span class='ocrx_word' id='word_1_73' title='bbox 498 921 585 968; x_wconf 85' lang='lat' dir='ltr'>Poenus</span> <span class='ocrx_word' id='word_1_74' title='bbox 604 915 661 966; x_wconf 89' lang='lat' dir='ltr'>inde</span> <span class='ocrx_word' id='word_1_75' title='bbox 680 913 829 976; x_wconf 81' lang='lat' dir='ltr'>ablceffillet‚</span> <span class='ocrx_word' id='word_1_76' title='bbox 847 917 900 964; x_wconf 88' lang='lat' dir='ltr'>Ro-.</span> 
     </span>
     <span class='ocr_line' id='line_1_11' title="bbox 150 983 900 1061; baseline -0.003 -19"><span class='ocrx_word' id='word_1_77' title='bbox 150 993 219 1042; x_wconf 82' lang='lat' dir='ltr'>mani</span> <span class='ocrx_word' id='word_1_78' title='bbox 231 983 413 1061; x_wconf 81' lang='lat' dir='ltr'>oppugnarent.</span> <span class='ocrx_word' id='word_1_79' title='bbox 448 993 598 1046; x_wconf 81' lang='lat' dir='ltr'>Praeneltinis</span> <span class='ocrx_word' id='word_1_80' title='bbox 607 993 726 1044; x_wconf 87' lang='lat' dir='ltr'>militibus</span> <span class='ocrx_word' id='word_1_81' title='bbox 739 992 834 1041; x_wconf 85' lang='lat' dir='ltr'>senatus</span> <span class='ocrx_word' id='word_1_82' title='bbox 847 994 900 1041; x_wconf 75' lang='lat' dir='ltr'>Ro-</span> 
     </span>
     <span class='ocr_line' id='line_1_12' title="bbox 150 1071 900 1144; baseline -0.004 -24"><span class='ocrx_word' id='word_1_83' title='bbox 150 1087 238 1123; x_wconf 84' lang='lat' dir='ltr'>manus</span> <span class='ocrx_word' id='word_1_84' title='bbox 250 1074 342 1141; x_wconf 83' lang='lat' dir='ltr'>duplex</span> <span class='ocrx_word' id='word_1_85' title='bbox 354 1075 380 1124; x_wconf 91' lang='lat' dir='ltr'>lli</span> <span class='ocrx_word' id='word_1_86' title='bbox 384 1075 501 1144; x_wconf 86' lang='lat' dir='ltr'>pendium</span> <span class='ocrx_word' id='word_1_87' title='bbox 514 1072 709 1138; x_wconf 79' lang='lat' dir='ltr'>&amp;quinquennii</span> <span class='ocrx_word' id='word_1_88' title='bbox 721 1071 815 1120; x_wconf 83' lang='lat' dir='ltr'>militiae</span> <span class='ocrx_word' id='word_1_89' title='bbox 825 1085 900 1118; x_wconf 85' lang='lat' dir='ltr'>vaea-</span> 
     </span>
     <span class='ocr_line' id='line_1_13' title="bbox 151 1147 899 1216; baseline -0.005 -19"><span class='ocrx_word' id='word_1_90' title='bbox 151 1151 248 1201; x_wconf 82' lang='lat' dir='ltr'>tionem</span> <span class='ocrx_word' id='word_1_91' title='bbox 259 1152 379 1216; x_wconf 78' lang='lat' dir='ltr'>decrevit.</span> <span class='ocrx_word' id='word_1_92' title='bbox 397 1153 499 1202; x_wconf 81' lang='lat' dir='ltr'>civitate</span> <span class='ocrx_word' id='word_1_93' title='bbox 517 1165 593 1214; x_wconf 87' lang='lat' dir='ltr'>quum</span> <span class='ocrx_word' id='word_1_94' title='bbox 610 1149 761 1200; x_wconf 85' lang='lat' dir='ltr'>donarentur</span> <span class='ocrx_word' id='word_1_95' title='bbox 772 1147 805 1196; x_wconf 94' lang='lat' dir='ltr'>ob</span> <span class='ocrx_word' id='word_1_96' title='bbox 817 1149 899 1195; x_wconf 81' lang='lat' dir='ltr'>virtu·</span> 
     </span>
     <span class='ocr_line' id='line_1_14' title="bbox 152 1223 951 1290; baseline -0.004 -15"><span class='ocrx_word' id='word_1_97' title='bbox 152 1240 210 1290; x_wconf 88' lang='lat' dir='ltr'>tem,</span> <span class='ocrx_word' id='word_1_98' title='bbox 228 1245 279 1279; x_wconf 87' lang='lat' dir='ltr'>non</span> <span class='ocrx_word' id='word_1_99' title='bbox 297 1239 466 1278; x_wconf 85' lang='lat' dir='ltr'>mutaverunt.</span> <span class='ocrx_word' id='word_1_100' title='bbox 501 1226 672 1276; x_wconf 76' lang='lat' dir='ltr'>Perusinorum</span> <span class='ocrx_word' id='word_1_101' title='bbox 685 1225 752 1274; x_wconf 80' lang='lat' dir='ltr'>casus</span> <span class='ocrx_word' id='word_1_102' title='bbox 770 1223 900 1272; x_wconf 83' lang='lat' dir='ltr'>obscurior</span> <span class='ocrx_word' id='word_1_103' title='bbox 939 1282 951 1290; x_wconf 30' lang='grc' dir='ltr'><em>Ι</em></span> 
     </span>
     <span class='ocr_line' id='line_1_15' title="bbox 150 1301 899 1371; baseline -0.009 -17"><span class='ocrx_word' id='word_1_104' title='bbox 150 1305 219 1354; x_wconf 75' lang='lat' dir='ltr'>fama</span> <span class='ocrx_word' id='word_1_105' title='bbox 233 1305 281 1365; x_wconf 67' lang='lat' dir='ltr'>est,</span> <span class='ocrx_word' id='word_1_106' title='bbox 299 1306 357 1371; x_wconf 86' lang='lat' dir='ltr'>quia</span> <span class='ocrx_word' id='word_1_107' title='bbox 372 1320 416 1354; x_wconf 91' lang='lat' dir='ltr'>nec</span> <span class='ocrx_word' id='word_1_108' title='bbox 429 1303 539 1371; x_wconf 84' lang='lat' dir='ltr'>ipsorum</span> <span class='ocrx_word' id='word_1_109' title='bbox 551 1313 715 1354; x_wconf 89' lang='lat' dir='ltr'>monumento</span> <span class='ocrx_word' id='word_1_110' title='bbox 730 1301 781 1352; x_wconf 92' lang='lat' dir='ltr'>ullo</span> <span class='ocrx_word' id='word_1_111' title='bbox 799 1301 831 1350; x_wconf 87' lang='lat' dir='ltr'>est</span> <span class='ocrx_word' id='word_1_112' title='bbox 842 1301 899 1350; x_wconf 91' lang='lat' dir='ltr'>illu-</span> 
     </span>
     <span class='ocr_line' id='line_1_16' title="bbox 152 1377 900 1445; baseline -0.004 -16"><span class='ocrx_word' id='word_1_113' title='bbox 152 1381 246 1441; x_wconf 75' lang='lat' dir='ltr'>stratus,</span> <span class='ocrx_word' id='word_1_114' title='bbox 269 1395 314 1429; x_wconf 88' lang='lat' dir='ltr'>nec</span> <span class='ocrx_word' id='word_1_115' title='bbox 335 1380 435 1430; x_wconf 90' lang='lat' dir='ltr'>decreto</span> <span class='ocrx_word' id='word_1_116' title='bbox 457 1377 637 1430; x_wconf 78' lang='lat' dir='ltr'>Rornanorum.</span> <span class='ocrx_word' id='word_1_117' title='bbox 672 1379 767 1428; x_wconf 87' lang='lat' dir='ltr'>Eodem</span> <span class='ocrx_word' id='word_1_118' title='bbox 787 1388 900 1445; x_wconf 84' lang='lat' dir='ltr'>ternpore</span> 
     </span>
     <span class='ocr_line' id='line_1_17' title="bbox 148 1449 1055 1524; baseline -0.007 -14"><span class='ocrx_word' id='word_1_119' title='bbox 148 1459 280 1522; x_wconf 82' lang='lat' dir='ltr'>Petelinos,</span> <span class='ocrx_word' id='word_1_120' title='bbox 298 1460 341 1524; x_wconf 89' lang='lat' dir='ltr'>qui</span> <span class='ocrx_word' id='word_1_121' title='bbox 358 1459 402 1508; x_wconf 90' lang='lat' dir='ltr'>uni</span> <span class='ocrx_word' id='word_1_122' title='bbox 414 1457 573 1508; x_wconf 62' lang='lat' dir='ltr'>ex,BruttiIs.</span> <span class='ocrx_word' id='word_1_123' title='bbox 588 1457 728 1506; x_wconf 84' lang='lat' dir='ltr'>manserant</span> <span class='ocrx_word' id='word_1_124' title='bbox 745 1459 769 1506; x_wconf 91' lang='lat' dir='ltr'>in</span> <span class='ocrx_word' id='word_1_125' title='bbox 787 1456 900 1510; x_wconf 77' lang='lat' dir='ltr'>amicitia</span> <span class='ocrx_word' id='word_1_126' title='bbox 979 1503 983 1508; x_wconf 91' lang='grc'><em>,</em></span> <span class='ocrx_word' id='word_1_127' title='bbox 1054 1449 1055 1454; x_wconf 56' lang='grc'>’</span> 
     </span>
    </p>

    <p class='ocr_par' dir='ltr' id='par_1_5' title="bbox 62 1534 1055 2546">
     <span class='ocr_line' id='line_1_18' title="bbox 62 1534 899 1601; baseline -0.006 -13"><span class='ocrx_word' id='word_1_128' title='bbox 62 1534 73 1544; x_wconf 89' lang='grc'><em>“</em></span> <span class='ocrx_word' id='word_1_129' title='bbox 147 1539 273 1600; x_wconf 74' lang='lat' dir='ltr'>Romana,</span> <span class='ocrx_word' id='word_1_130' title='bbox 291 1553 342 1588; x_wconf 88' lang='lat' dir='ltr'>non</span> <span class='ocrx_word' id='word_1_131' title='bbox 363 1534 578 1600; x_wconf 80' lang='lat' dir='ltr'>Karthaginienses</span> <span class='ocrx_word' id='word_1_132' title='bbox 597 1535 683 1599; x_wconf 75' lang='lat' dir='ltr'>modi),</span> <span class='ocrx_word' id='word_1_133' title='bbox 702 1536 748 1601; x_wconf 89' lang='lat' dir='ltr'>qui</span> <span class='ocrx_word' id='word_1_134' title='bbox 770 1535 899 1600; x_wconf 81' lang='lat' dir='ltr'>regionem</span> 
     </span>
     <span class='ocr_line' id='line_1_19' title="bbox 149 1612 899 1681; baseline -0.007 -15"><span class='ocrx_word' id='word_1_135' title='bbox 149 1614 305 1676; x_wconf 84' lang='lat' dir='ltr'>obtinebant,</span> <span class='ocrx_word' id='word_1_136' title='bbox 323 1614 364 1664; x_wconf 88' lang='lat' dir='ltr'>sed</span> <span class='ocrx_word' id='word_1_137' title='bbox 376 1615 466 1664; x_wconf 86' lang='lat' dir='ltr'>Bruttii</span> <span class='ocrx_word' id='word_1_138' title='bbox 481 1629 578 1681; x_wconf 90' lang='lat' dir='ltr'>quoque</span> <span class='ocrx_word' id='word_1_139' title='bbox 597 1615 681 1678; x_wconf 87' lang='lat' dir='ltr'>ceteri,</span> <span class='ocrx_word' id='word_1_140' title='bbox 698 1613 732 1664; x_wconf 92' lang='lat' dir='ltr'>ob</span> <span class='ocrx_word' id='word_1_141' title='bbox 744 1612 853 1680; x_wconf 82' lang='lat' dir='ltr'>separata</span> <span class='ocrx_word' id='word_1_142' title='bbox 864 1613 899 1674; x_wconf 85' lang='lat' dir='ltr'>ab</span> 
     </span>
     <span class='ocr_line' id='line_1_20' title="bbox 149 1687 897 1761; baseline -0.001 -18"><span class='ocrx_word' id='word_1_143' title='bbox 149 1693 175 1743; x_wconf 89' lang='lat' dir='ltr'>se</span> <span class='ocrx_word' id='word_1_144' title='bbox 187 1692 295 1754; x_wconf 77' lang='lat' dir='ltr'>consilia,</span> <span class='ocrx_word' id='word_1_145' title='bbox 313 1687 503 1761; x_wconf 84' lang='lat' dir='ltr'>oppugnabant.</span> <span class='ocrx_word' id='word_1_146' title='bbox 522 1692 619 1757; x_wconf 77' lang='lat' dir='ltr'>Quibus</span> <span class='ocrx_word' id='word_1_147' title='bbox 632 1707 709 1757; x_wconf 89' lang='lat' dir='ltr'>quum</span> <span class='ocrx_word' id='word_1_148' title='bbox 720 1690 833 1742; x_wconf 83' lang='lat' dir='ltr'>obsrllere</span> <span class='ocrx_word' id='word_1_149' title='bbox 843 1707 897 1754; x_wconf 67' lang='lat' dir='ltr'>ma7</span> 
     </span>
     <span class='ocr_line' id='line_1_21' title="bbox 147 1770 897 1839; baseline -0.007 -15"><span class='ocrx_word' id='word_1_150' title='bbox 147 1775 178 1825; x_wconf 87' lang='lat' dir='ltr'>lis</span> <span class='ocrx_word' id='word_1_151' title='bbox 194 1774 324 1839; x_wconf 85' lang='lat' dir='ltr'>nequirent</span> <span class='ocrx_word' id='word_1_152' title='bbox 344 1771 455 1836; x_wconf 86' lang='lat' dir='ltr'>Petelini,</span> <span class='ocrx_word' id='word_1_153' title='bbox 476 1773 569 1836; x_wconf 88' lang='lat' dir='ltr'>legatos</span> <span class='ocrx_word' id='word_1_154' title='bbox 588 1773 694 1820; x_wconf 84' lang='lat' dir='ltr'>Romam</span> <span class='ocrx_word' id='word_1_155' title='bbox 712 1771 743 1819; x_wconf 86' lang='lat' dir='ltr'>ad</span> <span class='ocrx_word' id='word_1_156' title='bbox 760 1770 897 1838; x_wconf 84' lang='lat' dir='ltr'>praesrdium</span> 
     </span>
     <span class='ocr_line' id='line_1_22' title="bbox 148 1848 917 1920; baseline -0.005 -20"><span class='ocrx_word' id='word_1_157' title='bbox 148 1851 285 1920; x_wconf 86' lang='lat' dir='ltr'>petendum</span> <span class='ocrx_word' id='word_1_158' title='bbox 304 1851 432 1900; x_wconf 86' lang='lat' dir='ltr'>miserunt.</span> <span class='ocrx_word' id='word_1_159' title='bbox 458 1865 565 1917; x_wconf 87' lang='lat' dir='ltr'>quorum</span> <span class='ocrx_word' id='word_1_160' title='bbox 585 1863 668 1916; x_wconf 89' lang='lat' dir='ltr'>preces</span> <span class='ocrx_word' id='word_1_161' title='bbox 687 1849 843 1914; x_wconf 84' lang='lat' dir='ltr'>lacrimaeque</span> <span class='ocrx_word' id='word_1_162' title='bbox 860 1848 917 1912; x_wconf 20' lang='lat' dir='ltr'>(in,—</span> 
     </span>
     <span class='ocr_line' id='line_1_23' title="bbox 149 1923 898 1998; baseline -0.008 -18"><span class='ocrx_word' id='word_1_163' title='bbox 149 1930 245 1998; x_wconf 82' lang='lat' dir='ltr'>questus</span> <span class='ocrx_word' id='word_1_164' title='bbox 258 1923 325 1996; x_wconf 80' lang='lat' dir='ltr'>enirn</span> <span class='ocrx_word' id='word_1_165' title='bbox 337 1931 437 1994; x_wconf 87' lang='lat' dir='ltr'>flebiles,</span> <span class='ocrx_word' id='word_1_166' title='bbox 455 1943 530 1994; x_wconf 87' lang='lat' dir='ltr'>quum</span> <span class='ocrx_word' id='word_1_167' title='bbox 546 1925 640 1976; x_wconf 77' lang='lat' dir='ltr'>sibimet</span> <span class='ocrx_word' id='word_1_168' title='bbox 651 1927 694 1994; x_wconf 77' lang='lat' dir='ltr'>ipsi</span> <span class='ocrx_word' id='word_1_169' title='bbox 706 1925 832 1988; x_wconf 84' lang='lat' dir='ltr'>consulere</span> <span class='ocrx_word' id='word_1_170' title='bbox 844 1925 898 1990; x_wconf 44' lang='lat' dir='ltr'>jus,</span> 
     </span>
     <span class='ocr_line' id='line_1_24' title="bbox 149 2005 1055 2075; baseline -0.007 -13"><span class='ocrx_word' id='word_1_171' title='bbox 149 2009 167 2062; x_wconf 82' lang='lat' dir='ltr'>si</span> <span class='ocrx_word' id='word_1_172' title='bbox 181 2011 245 2075; x_wconf 88' lang='lat' dir='ltr'>lunt,</span> <span class='ocrx_word' id='word_1_173' title='bbox 263 2009 313 2061; x_wconf 82' lang='lat' dir='ltr'>sese</span> <span class='ocrx_word' id='word_1_174' title='bbox 324 2011 350 2061; x_wconf 92' lang='lat' dir='ltr'>in</span> <span class='ocrx_word' id='word_1_175' title='bbox 362 2008 483 2060; x_wconf 89' lang='lat' dir='ltr'>vestibulo</span> <span class='ocrx_word' id='word_1_176' title='bbox 495 2007 567 2056; x_wconf 87' lang='lat' dir='ltr'>curiae</span> <span class='ocrx_word' id='word_1_177' title='bbox 579 2005 753 2073; x_wconf 80' lang='lat' dir='ltr'>profuderunt)</span> <span class='ocrx_word' id='word_1_178' title='bbox 770 2007 897 2070; x_wconf 83' lang='lat' dir='ltr'>ingentem</span> <span class='ocrx_word' id='word_1_179' title='bbox 970 2036 974 2041; x_wconf 41' lang='grc'><em>’</em></span> <span class='ocrx_word' id='word_1_180' title='bbox 1054 2011 1055 2018; x_wconf 78' lang='grc'>’</span> 
     </span>
     <span class='ocr_line' id='line_1_25' title="bbox 149 2083 897 2153; baseline -0.005 -13"><span class='ocrx_word' id='word_1_181' title='bbox 149 2085 346 2141; x_wconf 72' lang='lat' dir='ltr'>misericordior</span> <span class='ocrx_word' id='word_1_182' title='bbox 358 2089 470 2138; x_wconf 84' lang='lat' dir='ltr'>Patribus</span> <span class='ocrx_word' id='word_1_183' title='bbox 487 2101 515 2135; x_wconf 81' lang='lat' dir='ltr'>ae</span> <span class='ocrx_word' id='word_1_184' title='bbox 531 2085 624 2153; x_wconf 78' lang='lat' dir='ltr'>populo</span> <span class='ocrx_word' id='word_1_185' title='bbox 636 2096 787 2137; x_wconf 65' lang='lat' dir='ltr'>moverunt„</span> <span class='ocrx_word' id='word_1_186' title='bbox 798 2083 897 2136; x_wconf 80' lang='lat' dir='ltr'>consul·</span> 
     </span>
     <span class='ocr_line' id='line_1_26' title="bbox 148 2157 896 2234; baseline -0.004 -16"><span class='ocrx_word' id='word_1_187' title='bbox 148 2169 220 2234; x_wconf 83' lang='lat' dir='ltr'>tique</span> <span class='ocrx_word' id='word_1_188' title='bbox 242 2170 332 2222; x_wconf 85' lang='lat' dir='ltr'>iterum</span> <span class='ocrx_word' id='word_1_189' title='bbox 352 2172 365 2218; x_wconf 79' lang='lat' dir='ltr'>d</span> <span class='ocrx_word' id='word_1_190' title='bbox 383 2171 422 2217; x_wconf 90' lang='grc' dir='ltr'>Μ.</span> <span class='ocrx_word' id='word_1_191' title='bbox 442 2157 583 2232; x_wconf 78' lang='lat' dir='ltr'>Ponnponio</span> <span class='ocrx_word' id='word_1_192' title='bbox 605 2174 711 2232; x_wconf 69' lang='lat' dir='ltr'>Rraetore</span> <span class='ocrx_word' id='word_1_193' title='bbox 730 2167 820 2228; x_wconf 84' lang='lat' dir='ltr'>Patres,</span> <span class='ocrx_word' id='word_1_194' title='bbox 846 2165 896 2216; x_wconf 88' lang='lat' dir='ltr'>cir-</span> 
     </span>
     <span class='ocr_line' id='line_1_27' title="bbox 148 2233 897 2310; baseline -0.001 -17"><span class='ocrx_word' id='word_1_195' title='bbox 148 2233 423 2310; x_wconf 52' lang='lat' dir='ltr'>cumspeflisorn‘nibus</span> <span class='ocrx_word' id='word_1_196' title='bbox 439 2242 538 2308; x_wconf 81' lang='lat' dir='ltr'>imperii</span> <span class='ocrx_word' id='word_1_197' title='bbox 551 2241 653 2304; x_wconf 89' lang='lat' dir='ltr'>viribus,</span> <span class='ocrx_word' id='word_1_198' title='bbox 670 2241 742 2292; x_wconf 84' lang='lat' dir='ltr'>fateri</span> <span class='ocrx_word' id='word_1_199' title='bbox 754 2241 840 2304; x_wconf 76' lang='lat' dir='ltr'>cualli,</span> <span class='ocrx_word' id='word_1_200' title='bbox 857 2242 897 2292; x_wconf 90' lang='lat' dir='ltr'>ni·</span> 
     </span>
     <span class='ocr_line' id='line_1_28' title="bbox 145 2318 896 2390; baseline -0.005 -16"><span class='ocrx_word' id='word_1_201' title='bbox 145 2319 184 2374; x_wconf 78' lang='lat' dir='ltr'>nil</span> <span class='ocrx_word' id='word_1_202' title='bbox 193 2320 246 2384; x_wconf 84' lang='lat' dir='ltr'>jam</span> <span class='ocrx_word' id='word_1_203' title='bbox 260 2320 402 2386; x_wconf 81' lang='lat' dir='ltr'>longinquis</span> <span class='ocrx_word' id='word_1_204' title='bbox 414 2319 485 2368; x_wconf 88' lang='lat' dir='ltr'>sociis</span> <span class='ocrx_word' id='word_1_205' title='bbox 501 2320 527 2369; x_wconf 91' lang='lat' dir='ltr'>in</span> <span class='ocrx_word' id='word_1_206' title='bbox 539 2318 563 2390; x_wconf 80' lang='lat' dir='ltr'>le</span> <span class='ocrx_word' id='word_1_207' title='bbox 573 2319 677 2386; x_wconf 67' lang='lat' dir='ltr'>praepfidli</span> <span class='ocrx_word' id='word_1_208' title='bbox 688 2319 742 2384; x_wconf 86' lang='lat' dir='ltr'>elle,</span> <span class='ocrx_word' id='word_1_209' title='bbox 759 2319 838 2382; x_wconf 80' lang='lat' dir='ltr'>redire</span> <span class='ocrx_word' id='word_1_210' title='bbox 849 2319 896 2370; x_wconf 91' lang='lat' dir='ltr'>do·</span> 
     </span>
     <span class='ocr_line' id='line_1_29' title="bbox 147 2395 898 2465; baseline 0.001 -16"><span class='ocrx_word' id='word_1_211' title='bbox 147 2415 227 2462; x_wconf 86' lang='lat' dir='ltr'>mum,</span> <span class='ocrx_word' id='word_1_212' title='bbox 244 2395 340 2463; x_wconf 80' lang='lat' dir='ltr'>fideque</span> <span class='ocrx_word' id='word_1_213' title='bbox 356 2395 388 2448; x_wconf 76' lang='lat' dir='ltr'>a&#39;d</span> <span class='ocrx_word' id='word_1_214' title='bbox 405 2399 521 2449; x_wconf 87' lang='lat' dir='ltr'>ultimum</span> <span class='ocrx_word' id='word_1_215' title='bbox 534 2399 641 2465; x_wconf 75' lang='lat' dir='ltr'>expleti,</span> <span class='ocrx_word' id='word_1_216' title='bbox 658 2397 785 2449; x_wconf 87' lang='lat' dir='ltr'>consulere</span> <span class='ocrx_word' id='word_1_217' title='bbox 799 2399 898 2450; x_wconf 83' lang='lat' dir='ltr'>sibimet</span> 
     </span>
     <span class='ocr_line' id='line_1_30' title="bbox 148 2475 896 2546; baseline 0.001 -17"><span class='ocrx_word' id='word_1_218' title='bbox 148 2477 215 2546; x_wconf 88' lang='lat' dir='ltr'>ipsos</span> <span class='ocrx_word' id='word_1_219' title='bbox 235 2478 260 2526; x_wconf 92' lang='lat' dir='ltr'>in</span> <span class='ocrx_word' id='word_1_220' title='bbox 281 2478 401 2542; x_wconf 89' lang='lat' dir='ltr'>reliquum</span> <span class='ocrx_word' id='word_1_221' title='bbox 422 2477 535 2544; x_wconf 81' lang='lat' dir='ltr'>praelenti</span> <span class='ocrx_word' id='word_1_222' title='bbox 554 2477 654 2528; x_wconf 70' lang='lat' dir='ltr'>fortuni</span> <span class='ocrx_word' id='word_1_223' title='bbox 671 2475 800 2544; x_wconf 75' lang='lat' dir='ltr'>julieruut.</span> <span class='ocrx_word' id='word_1_224' title='bbox 834 2481 896 2530; x_wconf 80' lang='lat' dir='ltr'>Haec</span> 
     </span>
    </p>
   </div>
   <div class='ocr_carea' id='block_1_3' title="bbox 1043 591 1055 634">
    <p class='ocr_par' dir='ltr' id='par_1_6' title="bbox 1043 591 1055 634">
     <span class='ocr_line' id='line_1_31' title="bbox 1043 591 1055 634; baseline 0 0"><span class='ocrx_word' id='word_1_225' title='bbox 1043 591 1055 634; x_wconf 66' lang='lat' dir='ltr'>d</span> 
     </span>
    </p>
   </div>
   <div class='ocr_carea' id='block_1_4' title="bbox 145 2555 922 3174">
    <p class='ocr_par' dir='ltr' id='par_1_7' title="bbox 145 2555 922 3100">
     <span class='ocr_line' id='line_1_32' title="bbox 147 2555 895 2628; baseline -0.001 -21"><span class='ocrx_word' id='word_1_226' title='bbox 147 2557 277 2628; x_wconf 80' lang='lat' dir='ltr'>postquam</span> <span class='ocrx_word' id='word_1_227' title='bbox 286 2557 438 2622; x_wconf 69' lang='lat' dir='ltr'>[renunciata</span> <span class='ocrx_word' id='word_1_228' title='bbox 452 2555 545 2622; x_wconf 83' lang='lat' dir='ltr'>legatio</span> <span class='ocrx_word' id='word_1_229' title='bbox 563 2555 678 2610; x_wconf 86' lang='lat' dir='ltr'>Petelinis</span> <span class='ocrx_word' id='word_1_230' title='bbox 693 2558 734 2621; x_wconf 87' lang='lat' dir='ltr'>ell,</span> <span class='ocrx_word' id='word_1_231' title='bbox 751 2569 833 2614; x_wconf 80' lang='lat' dir='ltr'>tantus</span> <span class='ocrx_word' id='word_1_232' title='bbox 855 2571 895 2607; x_wconf 88' lang='lat' dir='ltr'>re·</span> 
     </span>
     <span class='ocr_line' id='line_1_33' title="bbox 146 2635 898 2708; baseline 0.004 -23"><span class='ocrx_word' id='word_1_233' title='bbox 146 2638 221 2708; x_wconf 77' lang='lat' dir='ltr'>pente</span> <span class='ocrx_word' id='word_1_234' title='bbox 232 2649 323 2687; x_wconf 86' lang='lat' dir='ltr'>rnoeror</span> <span class='ocrx_word' id='word_1_235' title='bbox 334 2650 463 2702; x_wconf 85' lang='lat' dir='ltr'>pavorque</span> <span class='ocrx_word' id='word_1_236' title='bbox 481 2635 592 2686; x_wconf 86' lang='lat' dir='ltr'>senatum</span> <span class='ocrx_word' id='word_1_237' title='bbox 610 2651 696 2688; x_wconf 87' lang='lat' dir='ltr'>eornm</span> <span class='ocrx_word' id='word_1_238' title='bbox 708 2639 782 2704; x_wconf 81' lang='lat' dir='ltr'>cepit,</span> <span class='ocrx_word' id='word_1_239' title='bbox 799 2648 829 2688; x_wconf 86' lang='lat' dir='ltr'>ut</span> <span class='ocrx_word' id='word_1_240' title='bbox 839 2650 898 2704; x_wconf 70' lang='lat' dir='ltr'>pars</span> 
     </span>
     <span class='ocr_line' id='line_1_34' title="bbox 146 2711 898 2784; baseline 0.007 -21"><span class='ocrx_word' id='word_1_241' title='bbox 146 2713 315 2783; x_wconf 80' lang='lat' dir='ltr'>profugiendi,</span> <span class='ocrx_word' id='word_1_242' title='bbox 333 2715 382 2780; x_wconf 74' lang='lat' dir='ltr'>qud</span> <span class='ocrx_word' id='word_1_243' title='bbox 404 2714 507 2784; x_wconf 88' lang='lat' dir='ltr'>quilque</span> <span class='ocrx_word' id='word_1_244' title='bbox 522 2711 607 2782; x_wconf 78' lang='lat' dir='ltr'>posset,</span> <span class='ocrx_word' id='word_1_245' title='bbox 624 2730 654 2766; x_wconf 85' lang='lat' dir='ltr'>ac</span> <span class='ocrx_word' id='word_1_246' title='bbox 674 2715 811 2767; x_wconf 69' lang='lat' dir='ltr'>deserenda</span> <span class='ocrx_word' id='word_1_247' title='bbox 827 2715 898 2768; x_wconf 78' lang='lat' dir='ltr'>urbis</span> 
     </span>
     <span class='ocr_line' id='line_1_35' title="bbox 146 2789 896 2862; baseline 0.001 -20"><span class='ocrx_word' id='word_1_248' title='bbox 146 2791 259 2842; x_wconf 72' lang='lat' dir='ltr'>nudiores</span> <span class='ocrx_word' id='word_1_249' title='bbox 276 2789 364 2854; x_wconf 87' lang='lat' dir='ltr'>ellent;</span> <span class='ocrx_word' id='word_1_250' title='bbox 381 2807 445 2862; x_wconf 86' lang='lat' dir='ltr'>pars,</span> <span class='ocrx_word' id='word_1_251' title='bbox 463 2791 563 2858; x_wconf 85' lang='lat' dir='ltr'>quaudo</span> <span class='ocrx_word' id='word_1_252' title='bbox 580 2789 668 2844; x_wconf 84' lang='lat' dir='ltr'>deserti</span> <span class='ocrx_word' id='word_1_253' title='bbox 685 2799 700 2844; x_wconf 73' lang='lat' dir='ltr'>d</span> <span class='ocrx_word' id='word_1_254' title='bbox 717 2795 843 2846; x_wconf 79' lang='lat' dir='ltr'>veteribus</span> <span class='ocrx_word' id='word_1_255' title='bbox 855 2789 896 2843; x_wconf 87' lang='lat' dir='ltr'>so·</span> 
     </span>
     <span class='ocr_line' id='line_1_36' title="bbox 146 2869 922 2940; baseline -0.001 -17"><span class='ocrx_word' id='word_1_256' title='bbox 146 2873 191 2923; x_wconf 84' lang='lat' dir='ltr'>ciis</span> <span class='ocrx_word' id='word_1_257' title='bbox 202 2869 285 2932; x_wconf 82' lang='lat' dir='ltr'>effeut,</span> <span class='ocrx_word' id='word_1_258' title='bbox 303 2869 454 2935; x_wconf 84' lang='lat' dir='ltr'>adjungendi</span> <span class='ocrx_word' id='word_1_259' title='bbox 473 2870 497 2921; x_wconf 90' lang='lat' dir='ltr'>se</span> <span class='ocrx_word' id='word_1_260' title='bbox 514 2873 600 2922; x_wconf 85' lang='lat' dir='ltr'>ceteris</span> <span class='ocrx_word' id='word_1_261' title='bbox 617 2873 727 2937; x_wconf 85' lang='lat' dir='ltr'>Bruttiis,</span> <span class='ocrx_word' id='word_1_262' title='bbox 744 2889 773 2923; x_wconf 89' lang='lat' dir='ltr'>ac</span> <span class='ocrx_word' id='word_1_263' title='bbox 791 2887 836 2940; x_wconf 86' lang='lat' dir='ltr'>per</span> <span class='ocrx_word' id='word_1_264' title='bbox 852 2883 900 2922; x_wconf 71' lang='lat' dir='ltr'>eos</span> <span class='ocrx_word' id='word_1_265' title='bbox 913 2877 922 2913; x_wconf 77' lang='grc'>’-</span> 
     </span>
     <span class='ocr_line' id='line_1_37' title="bbox 146 2941 894 3017; baseline -0.004 -15"><span class='ocrx_word' id='word_1_266' title='bbox 146 2947 251 3002; x_wconf 87' lang='lat' dir='ltr'>dedendi</span> <span class='ocrx_word' id='word_1_267' title='bbox 270 2949 413 3000; x_wconf 82' lang='lat' dir='ltr'>Hannibali.</span> <span class='ocrx_word' id='word_1_268' title='bbox 450 2943 519 3000; x_wconf 84' lang='lat' dir='ltr'>vicit</span> <span class='ocrx_word' id='word_1_269' title='bbox 537 2960 619 3001; x_wconf 84' lang='lat' dir='ltr'>tamen</span> <span class='ocrx_word' id='word_1_270' title='bbox 636 2965 672 3004; x_wconf 71' lang='lat' dir='ltr'>ea,</span> <span class='ocrx_word' id='word_1_271' title='bbox 684 2965 748 3017; x_wconf 83' lang='lat' dir='ltr'>pars,</span> <span class='ocrx_word' id='word_1_272' title='bbox 765 2941 894 3017; x_wconf 63' lang='lat' dir='ltr'>quenihil</span> 
     </span>
     <span class='ocr_line' id='line_1_38' title="bbox 145 3026 894 3100; baseline -0.003 -18"><span class='ocrx_word' id='word_1_273' title='bbox 145 3029 237 3099; x_wconf 71' lang='lat' dir='ltr'>neptun</span> <span class='ocrx_word' id='word_1_274' title='bbox 248 3039 293 3080; x_wconf 82' lang='lat' dir='ltr'>nec</span> <span class='ocrx_word' id='word_1_275' title='bbox 300 3038 392 3086; x_wconf 76' lang='lat' dir='ltr'>temere</span> <span class='ocrx_word' id='word_1_276' title='bbox 403 3026 538 3096; x_wconf 83' lang='lat' dir='ltr'>agendum,</span> <span class='ocrx_word' id='word_1_277' title='bbox 551 3026 778 3100; x_wconf 74' lang='lat' dir='ltr'>consulendumque</span> <span class='ocrx_word' id='word_1_278' title='bbox 787 3027 819 3084; x_wconf 81' lang='lat' dir='ltr'>de.</span> <span class='ocrx_word' id='word_1_279' title='bbox 827 3027 894 3080; x_wconf 86' lang='lat' dir='ltr'>inte·</span> 
     </span>
    </p>

    <p class='ocr_par' dir='ltr' id='par_1_8' title="bbox 509 3117 892 3174">
     <span class='ocr_line' id='line_1_39' title="bbox 509 3117 892 3174; baseline 0.013 -20"><span class='ocrx_word' id='word_1_280' title='bbox 509 3117 511 3120; x_wconf 86' lang='lat'>·</span> <span class='ocrx_word' id='word_1_281' title='bbox 841 3119 892 3174; x_wconf 79' lang='lat' dir='ltr'>gro</span> 
     </span>
    </p>
   </div>
   <div class='ocr_carea' id='block_1_5' title="bbox 0 0 1068 3642">
    <p class='ocr_par' dir='ltr' id='par_1_9' title="bbox 0 0 1068 3642">
     <span class='ocr_line' id='line_1_40' title="bbox 0 0 1068 3642; baseline 0 1"><span class='ocrx_word' id='word_1_282' title='bbox 0 0 1068 3642; x_wconf 95' lang='lat' dir='ltr'> </span> 
     </span>
    </p>
   </div>
  </div>
 </body>
</html>
