2058 3642
194 245 245 308 ρο
450 232 682 291 murt!

228 331 325 382 XLVI.
344 329 385 382 Ab
403 340 468 382 terra
486 331 573 396 ingene
590 329 663 380 labor
671 326 877 382 'suceedentibus
890 335 961 384 erate

193 421 239 464 nec
258 407 387 459 altitudine
413 413 512 459 tantum
531 407 650 458 maenium
669 407 895 474 impediebantur,
919 402 960 460 sed

192 485 258 556 quod
275 497 361 538 euntes
378 487 410 538 ad
427 486 549 554 ancipites
561 486 677 552 utrinque
694 484 757 536 idue
770 485 906 551 subjeeioe
918 489 959 538 ha·

191 563 284 617 &bant
304 567 448 625 Romanam
475 575 505 614 ut
525 564 602 614 latera
625 561 751 613 infestiora
777 563 958 630 subeuntibus,

190 647 267 710 quam
278 639 383 694 adversa
393 657 508 714 corpora
525 639 611 691 essent.
647 644 683 690 At
693 650 766 708 parte
779 642 958 712 inaliaquia·

225 722 272 772 ntia
287 721 312 772 de
328 739 372 790 per
387 717 583 788 siagnumsaciiir
591 715 716 789 transitur,
733 718 781 770 ἀ
772 736 802 771 ιιι
814 736 959 774 mumma-

204 799 288 852 eensut
300 799 357 852 inde
368 801 426 852 suit.
443 813 501 851 nam
515 811 596 864 neque
615 811 692 864 opere
702 799 836 849 emunitus
849 811 915 865 erat,
933 811 959 849 ut

192 879 237 931 ubi
251 875 324 946 ipfius
335 879 385 930 loci
396 894 426 930 ae
437 877 513 944 stagni
527 873 637 945 praefidio
650 871 707 924 satis
725 875 859 930 creditum
879 879 958 942 soret,
1003 917 1004 920 ,

193 971 240 1009 nee
251 957 462 1008 uilaannatorum
473 953 544 1006 statio
552 963 596 1003 aut
605 951 715 1002 custodia
723 953 858 1022 opposita
877 957 957 1008 inten-
1003 975 1004 1002 ;

193 1035 226 1086 tia
237 1033 352 1086 omnibus
362 1033 394 1084 ad
404 1047 480 1102 opem
490 1034 521 1081 eo
531 1027 666 1090 serendam,
678 1027 744 1077 unde
755 1030 908 1097 periculum
918 1027 957 1084 os.

192 1111 348 1165 tendebatur.
365 1111 415 1162 Ubi
428 1109 515 1162 urbem
526 1107 576 1158 sine
586 1105 721 1158 certamine
733 1107 883 1174 intravere,
902 1127 954 1180 per
1003 1111 1004 1122 ¹

192 1199 257 1256 gunt
276 1187 342 1250 inde,
359 1198 454 1254 quanto
474 1185 588 1236 maximo
605 1181 677 1235 cursu
695 1193 826 1252 poterant,
850 1187 885 1240 ad
902 1203 952 1238 nm
1003 1197 1004 1200 ¹

192 1274 299 1334 portam,
317 1264 382 1312 eirca
393 1277 469 1328 quam
486 1275 562 1314 omne
579 1255 732 1310 contradam
744 1271 882 1314 certamen
894 1275 952 1314 erat.

191 1339 218 1390 in
230 1337 297 1404 quod
308 1335 392 1388 adeo
384 1337 475 1387 intenti
489 1337 604 1388 omnium
615 1329 666 1385 nod
682 1333 761 1384 animi
773 1335 863 1388 solum
875 1339 952 1402 suere,

191 1412 319 1468 sedetiam
330 1413 396 1464 oculi
409 1411 530 1480 auresque
550 1410 715 1479 pugnantium
732 1409 953 1483 spodiantiumque

191 1491 218 1542 de
230 1489 414 1540 adhortantium
425 1499 573 1558 pugnantes,
581 1499 610 1538 ut
620 1503 695 1539 nemo
703 1493 761 1538 ante
769 1489 805 1540 ab
813 1499 890 1558 tergo
898 1493 952 1544 sen·

191 1563 249 1620 serit
261 1577 359 1635 captam
376 1569 474 1632 urbem,
493 1571 567 1635 quam
579 1567 629 1618 tela
640 1567 666 1616 in
680 1565 783 1618 aversos
796 1569 950 1636 inciderunt,

190 1645 341 1714 &utrinque
360 1643 493 1716 ancipitem
508 1645 602 1698 hostem
620 1643 753 1695 habebant.
773 1657 844 1712 runc,
863 1649 949 1699 turba·

190 1727 223 1778 tis
235 1723 403 1777 defensoribus
415 1735 490 1790 metu,
508 1725 534 1778 ὰ
552 1724 642 1782 moenia
654 1733 736 1789 capta,
755 1723 780 1774 ἀ
792 1737 871 1792 porta
883 1728 949 1778 intua

190 1799 302 1872 sonisque
316 1804 408 1873 pariter
419 1803 521 1869 refringi
533 1811 627 1870 coepta:
645 1801 671 1852 ἃ
684 1801 878 1854 moxcaedendo
887 1820 948 1856 con·

191 1883 282 1946 stadiis,
300 1898 331 1933 ne
348 1885 396 1933 iter
412 1881 581 1950 impediretur,
598 1879 704 1948 foribus,
721 1885 812 1934 armati
823 1875 949 1953 impetum

190 1957 311 2012 fecerunt.
347 1963 441 2026 Magna
458 1958 591 2011 multitudo
607 1959 633 2012 de
648 1975 733 2012 muros
745 1963 947 2026 transcendebat,

190 2040 232 2092 sed
245 2042 271 2090 hi
282 2037 366 2110 paiiim
381 2040 412 2091 ad
424 2039 515 2090 caedem
530 2037 713 2106 oppidanorum
727 2039 802 2090 verli.
820 2041 872 2105 illa,
891 2057 949 2107 qua
1004 2047 1005 2054 ’

191 2131 290 2186 portam
310 2117 415 2184 ingressa
434 2131 495 2180 erat,
510 2117 572 2182 justa
589 2118 662 2179 acies,
678 2134 737 2170 cum
754 2117 870 2184 ducibus,
888 2135 949 2170 cum

190 2196 329 2258 ordinibus,
346 2197 428 2248 medii
439 2197 500 2246 urbe
513 2197 538 2246 in
549 2193 632 2248 sorum
645 2195 767 2264 procesit.
789 2197 851 2246 Inde
864 2213 948 2263 quum
1004 2245 1005 2264 ,

189 2271 288 2324 duobus
305 2274 435 2326 itineribus
447 2273 569 2340 fugientes
580 2273 676 2326 videret
686 2275 770 2338 hostes,
785 2273 847 2324 alios
859 2275 895 2325 ad
906 2287 949 2326 tu·
1004 2265 1005 2270 ¹

188 2352 285 2403 mulum
297 2351 323 2401 in
335 2353 458 2402 orientem
468 2352 576 2416 versum,
593 2353 637 2420 qui
649 2354 775 2405 tenebatur
786 2352 949 2418 quingento-

188 2445 245 2482 rum
257 2431 363 2482 militum
375 2429 494 2498 prasidio,
512 2431 574 2480 astos
585 2432 611 2481 in
621 2447 712 2496 arcem,
729 2432 755 2482 in
764 2445 840 2497 quam
852 2427 946 2500 &ipse

189 2510 270 2571 Mago
286 2522 343 2557 cum
358 2505 475 2556 omnibus
487 2505 538 2556 sere
546 2509 656 2572 armatis,
674 2509 716 2575 qui
728 2507 804 2559 munii
814 2507 876 2576 pulsi
889 2507 944 2559 sue·

187 2594 252 2647 rant,
269 2583 411 2648 resugetat;
424 2586 519 2652 ,partim
530 2587 660 2654 copiarum
674 2587 706 2637 ad
722 2587 846 2638 tumulum
858 2601 941 2655 expu-

188 2660 314 2727 gnandum
323 2657 410 2725 mittit,
425 2661 518 2730 partim
525 2659 581 2730 ipse
590 2663 621 2714 ad
630 2679 712 2716 arcem
725 2664 803 2716 ducit.
821 2663 941 2715 &tumu-

188 2737 226 2788 lus
234 2739 319 2806 ,primb
328 2735 429 2806 'impetu
444 2739 477 2790 et
489 2749 583 2808 captus,
601 2741 627 2791 dt
638 2743 726 2807 Mago,
743 2755 826 2808 arcem
837 2734 942 2791 conatur

188 2811 329 2878 defendere,
347 2809 523 2884 quumlomuia
534 2818 641 2868 hostium
653 2820 726 2886 plena
738 2817 842 2882 videret,
860 2825 941 2884 neque

190 2891 259 2961 spem
276 2887 351 2942 ullam
369 2887 424 2957 esse,
445 2893 468 2946 se
486 2909 617 2961 arcemque
636 2893 662 2944 dt
681 2893 819 2962 presidium
836 2891 938 2944 dedidit.

191 2969 281 3036 Quoad
296 2969 380 3020 dedita
396 2988 442 3023 arx
456 2973 499 3037 est,
516 2973 592 3024 cades
607 2972 660 3022 tota
674 2973 736 3024 urbe
748 2971 836 3040 paiiim
852 2967 938 3045 taeta,

186 3061 234 3100 aee
252 3045 295 3120 ulli
311 3047 443 3115 puberum,
461 3051 505 3118 qui
522 3051 614 3104 obvius
624 3048 681 3118 suit,
697 3050 853 3118 parcebatur.
847 3059 934 3180 dgd'o
