2076 3612
172 221 206 269 34
429 209 465 260 Τ.
499 211 656 262 LIVII

173 292 345 362 Noviumque,
362 296 401 360 (ea
418 300 500 366 capita
517 300 699 364 conjurationis
713 297 823 367 fuerant)
841 299 923 368 prius·

172 387 247 436 quam
258 376 446 426 nominarentur
456 378 522 443 apud
535 377 688 438 dictatorcm,
705 394 772 429 mors
791 379 858 428 haud
877 380 922 428 du·

174 449 214 498 bii:
233 451 264 498 ab
285 452 340 518 ipsis
360 453 469 504 conscita
487 454 583 519 judicio
604 455 734 505 subtraxit.
770 457 876 519 Deinde,
894 468 924 507 ut

172 528 300 592 quaestioni
323 535 454 600 Campanae
473 535 576 583 materia
598 534 703 598 dcceffit,
722 533 793 584 versa
813 540 923 586 Romam

172 603 358 672 interpretando
378 627 431 660 res:
450 627 501 662 non
520 613 676 674 nominatim,
699 614 742 678 qui
763 617 863 679 Capuae,
881 614 923 664 sed

173 682 200 732 in
212 686 365 748 universum,
382 690 425 754 qui
442 690 544 755 usquam
556 690 657 741 collleut
672 691 922 753 conjurbilentvcad·

172 761 264 814 versut
270 765 456 832 rempublicam,
473 769 549 833 quaeri
564 767 673 818 senarum
683 767 787 831 juisrss'e:
807 771 832 818 &
846 770 922 818 co'r'ti-

103 882 109 898 ,
172 853 234 888 ones
246 841 369 890 honorum
386 842 600 910 adipiscendorum
618 845 693 894 causi·
704 843 785 904 latias,
803 845 921 894 adversus

171 918 351 982 rempublicam
363 919 425 969 effe:
444 921 603 986 latiorque&
619 937 645 970 re
657 923 681 972 &
694 921 801 987 personis
819 924 921 987 quaeilio

172 993 244 1055 fieri;
262 997 327 1046 haud
339 997 462 1048 abnuente
473 999 598 1061 diclatore,
616 999 663 1048 fine
676 999 723 1047 fine
741 999 790 1048 ulla
805 1001 920 1064 quaellio·

171 1074 210 1124 nis
223 1075 270 1124 suae
280 1076 320 1139 jus
332 1075 387 1126 effe.
421 1077 678 1140 Postulabanturergo
691 1077 785 1126 nobiles
797 1079 919 1126 homines.

172 1155 403 1220 appellantibusque
415 1156 527 1206 tribunos
536 1171 609 1204 nemo
622 1167 674 1204 erut
682 1155 786 1215 auxilio,
803 1157 863 1219 quin
874 1171 919 1204 no·

170 1234 241 1282 tnina
253 1235 428 1299 reciperentur.
463 1233 527 1282 Inde
541 1233 666 1296 nobilitas,
685 1249 729 1280 nce
749 1235 773 1282 hi
791 1232 873 1293 modo,
891 1233 919 1282 in

170 1325 234 1374 quos
251 1312 344 1359 crimen
356 1311 535 1372 intendebatur,
553 1310 594 1360 sed
607 1311 713 1360 universi
728 1310 803 1372 simul,
821 1324 919 1372 negare,

170 1387 295 1435 nobilium
316 1386 340 1435 id
360 1388 452 1436 crimen
474 1387 537 1448 ellc;
564 1389 661 1453 quibus,
685 1388 701 1436 sr
721 1389 787 1438 nullb
808 1387 919 1436 obstetur

171 1461 266 1524 fraude,
284 1474 366 1528 pateat
379 1467 421 1512 via
437 1464 468 1514 ad
489 1466 618 1526 honorem,
636 1465 675 1514 sed
688 1466 817 1514 hominum
835 1479 918 1512 novo·

170 1556 236 1592 rum.
250 1541 313 1606 ipsos
325 1543 388 1590 aden
400 1541 544 1592 dictatorem
557 1545 745 1608 magistrumque
758 1544 869 1606 equitum
879 1557 918 1590 re-

170 1636 199 1670 os
214 1621 301 1682 magis,
317 1625 391 1684 quium
406 1621 544 1685 quaesrtorcs
556 1621 658 1672 idoneos
670 1623 721 1684 ejus
733 1621 842 1670 criminis
851 1617 918 1668 effer

76 1697 85 1718 ⁸
170 1697 383 1763 intelletturosque
401 1701 436 1750 ira
456 1700 479 1750 id
498 1699 552 1761 elle,
569 1701 637 1752 firuul
650 1700 790 1764 magistratu
804 1697 917 1749 abiffent.

170 1781 242 1826 Tum
254 1778 383 1826 enimvero
396 1781 508 1839 Maenius,
523 1779 576 1842 jam
593 1779 664 1828 famae
682 1779 766 1844 megin,
783 1783 855 1843 quem
868 1778 916 1828 im-

170 1857 242 1924 perii,
259 1871 363 1920 memor,
381 1856 518 1924 progressus
537 1859 563 1906 iu
581 1859 727 1909 concionem
745 1859 780 1906 ita
791 1856 867 1906 verba
879 1854 917 1904 ie-

169 1936 222 1984 cit:
241 1937 274 1984 Er
285 1952 356 1986 omnes
372 1937 471 1986 anteana
490 1937 542 1986 vite
560 1953 601 1986 uns
620 1940 708 2002 conscios
721 1937 793 2000 baben,
810 1935 918 2002 Qiritrs,

169 2015 198 2065 dr
210 2015 242 2064 iu·
253 2017 378 2082 ipsenrnos,
394 2015 475 2064 deintus
492 2016 521 2082 nd
537 2031 578 2075 me,
595 2017 656 2078 testis
673 2015 702 2076 est
721 2016 841 2062 innocentie
857 2029 918 2062 mee.

169 2095 308 2161 nequeenim,
325 2093 378 2157 quod
379 2093 435 2156 sepe
445 2091 508 2150 aliis,
520 2091 569 2156 quin
580 2092 611 2138 ita
622 2100 718 2154 tempora
729 2088 859 2152 postulabant
870 2091 916 2136 rei-

167 2170 264 2235 publice,
281 2170 317 2232 qni
328 2167 379 2214 bello
393 2167 517 2228 clariffimns
529 2163 584 2228 effer,
596 2166 638 2227 sed
650 2166 686 2230 qui
700 2165 795 2211 menime
801 2163 879 2227 procul
887 2163 917 2212 ab

168 2248 202 2296 his
218 2244 341 2294 coitionibus
360 2244 430 2291 biam
448 2239 526 2307 egisset,
549 2241 635 2289 difflatur
657 2241 775 2306 deligendus
795 2241 918 2292 exercendir

168 2319 308 2388 questionibus
314 2319 372 2382 fuit.
407 2317 449 2364 Sed
456 2318 552 2382 qnoniam
562 2316 648 2382 qnidam
662 2315 847 2376 nobilesinmlnes
865 2322 916 2384 (qna
964 2311 967 2316 ’

168 2399 195 2448 dc
205 2400 273 2462 cansa,
291 2412 331 2445 vos
342 2396 473 2458 existimare,
491 2398 556 2459 purim
568 2410 601 2442 me
609 2405 651 2459 pro
666 2393 793 2458 magistratu
804 2397 915 2462 quicquam

167 2479 323 2539 incompertum
343 2474 420 2535 dicere,
443 2471 517 2519 melius
537 2470 575 2534 rst)
594 2473 692 2536 primurn
715 2474 773 2538 ipsis
792 2486 914 2542 expugnare

167 2552 284 2620 questiones
295 2551 351 2600 omni
362 2562 401 2616 ope
412 2548 532 2614 annififinrt
543 2567 551 2596 :
569 2549 626 2614 dein,
641 2550 751 2622 postquam
759 2553 787 2602 ad
800 2553 824 2602 id
832 2565 915 2619 parum

164 2640 262 2698 potentes
281 2637 351 2690 erant,
368 2644 394 2677 nr
409 2629 493 2694 confirm
510 2629 611 2691 dicerent,
628 2631 650 2680 in
664 2631 761 2696 prnstdr‘a
777 2633 914 2696 adverfirnio·

137 2752 139 2755 .
166 2725 225 2768 rum,
241 2706 406 2773 appellationem
420 2705 447 2756 cr
462 2705 598 2756 tribunicium
610 2709 722 2772 auxilinm,
736 2709 827 2775 patricii
836 2709 914 2772 confu-

164 2792 253 2852 gerunt.
270 2782 375 2848 postremi
389 2780 468 2847 erpolfi
481 2783 529 2831 inde
545 2784 606 2846 (adro
622 2787 693 2834 onmia
710 2786 796 2849 tutiora,
813 2783 877 2849 quim
888 2793 913 2835 ut

167 2862 307 2912 innocentiam
314 2863 378 2926 finam
387 2869 513 2927 purgarent,
530 2864 588 2926 uisci)
605 2863 628 2911 in
639 2880 675 2926 nos
690 2863 804 2925 irruerunt,
822 2861 849 2911 (r
860 2861 913 2925 pri-

166 2941 228 2988 vatis
237 2938 360 2988 ditlntorem
368 2939 455 3004 poscere
463 2954 523 2988 reum
538 2943 668 2990 verecundia
677 2958 716 2990 non
722 2941 789 3002 snit-e
806 2947 830 2988 nt
840 2954 914 2990 ornnes

167 3016 211 3070 Dii
225 3015 354 3086 honrinrsqur
361 3018 442 3086 sciant,
452 3015 478 3068 ab
491 3019 543 3089 illis,
553 3021 669 3090 etiamque
678 3019 808 3087 nonprfflnt,
823 3019 912 3078 tentari,

882 3105 911 3148 list
