2076 3612
347 195 597 270 arnar'rx.
822 219 854 278 tr

106 309 187 358 omnia
198 306 340 374 tuendaque
351 307 472 357 maenibus
484 307 509 356 in
521 307 594 357 urbes
606 305 717 370 abirent;
738 307 818 360 cunlii
828 323 855 358 e·

108 401 146 435 am
162 388 307 436 sententiam
326 387 420 451 ingenti
433 384 526 435 assensu
542 401 668 453 accepere.
703 387 793 438 Palat'u
803 387 853 438 lto-

111 463 180 513 ilibus
198 479 242 531 per
256 479 338 528 agros,
356 464 435 529 prima
454 462 509 511 luce
527 465 642 526 Romani,
660 463 732 528 fignis
743 465 852 532 prolatit,

112 539 135 587 in
153 538 568 606 acieconstllun133c,ubinemo
587 539 680 590 obvius
699 539 760 604 ibat,
777 539 853 608 pleno

114 618 185 681 gradu
195 619 225 669 ad
237 620 313 670 castra
324 618 431 668 hollium
442 617 555 666 tendunt.
581 620 707 681 Ceterum,
724 618 853 686 postquam

116 695 148 744 ibi
158 713 232 764 neque
249 698 365 748 stationes
382 711 428 762 pro
440 695 526 762 portis,
543 709 588 744 nec
599 711 748 762 quemquam
760 699 786 748 in
798 698 852 748 val-

115 772 146 836 lo,
162 791 203 825 nec
217 776 350 826 ⁴l'remitum
368 773 511 824 consuetum
528 773 660 824 castrorum
671 775 853 828 animadverte·

116 862 183 912 mnr;
199 852 297 904 insolito
317 853 413 902 silentio
431 852 503 913 moti,
523 859 591 899 metu
614 851 754 902 insidiarum
772 848 855 905 'l'ubsr‹

115 928 184 977 liunt.
200 931 331 996 transgreffi
343 929 432 980 deinde
449 928 553 989 vallum,
570 943 645 993 quum
661 929 756 980 deserta
767 933 853 982 omnia

117 1005 263 1073 invenissent,
278 1019 382 1076 pergunt
398 1007 492 1056 hostem
503 1005 612 1068 vestigiis
624 1005 692 1071 sequi
697 1025 708 1066 ,ε
726 1006 768 1057 sed
779 1009 853 1058 velli-

119 1085 168 1148 εἰη,
184 1087 209 1135 in
218 1103 295 1137 omnes
306 1091 373 1153 aque
386 1086 492 1136 ferentia
510 1095 599 1150 partes,
616 1093 645 1132 ut
656 1085 682 1133 in
693 1084 788 1150 dilapsis
800 1085 854 1152 pas-

119 1161 170 1225 sim,
184 1164 258 1230 primo
268 1181 372 1216 errorem
382 1163 527 1224 faciebant5
543 1163 605 1227 poll,
622 1176 667 1228 per
684 1162 855 1228 exploratores

119 1243 242 1301 compertis
252 1245 355 1296 hostium
372 1242 487 1304 consiliis,
504 1239 535 1289 ad
546 1239 649 1305 lingulas
660 1241 734 1290 urbes
748 1243 853 1293 cucum-

119 1317 212 1371 iereudo
228 1322 297 1388 bello,
313 1338 392 1372 unum
404 1321 430 1370 ἃ
447 1319 607 1387 quadraginta
622 1321 715 1389 oppida
726 1321 789 1372 intra
801 1322 854 1376 diet

119 1399 286 1465 qninquaginta
304 1401 390 1450 omnia
408 1396 578 1465 oppugnando
596 1409 714 1466 ceperunt
719 1419 727 1462 ς
744 1413 852 1467 quotum

119 1473 227 1540 pleraque
244 1476 324 1527 diruta
340 1487 417 1541 atque
437 1472 543 1536 incensa,
560 1489 701 1540 nomenque
712 1479 853 1542 AEquorum

119 1565 190 1618 prope
206 1552 237 1602 ad
255 1554 449 1604 internecionem
466 1551 581 1600 deletum.
616 1553 655 1602 De
666 1551 751 1618 AEquit
763 1555 855 1604 trium·

118 1629 227 1693 plutum:
245 1632 410 1698 exemploque
421 1645 508 1678 eorum
520 1627 599 1680 clades
610 1628 666 1695 fuit,
682 1640 712 1680 ut
728 1633 852 1684 Marruci-

118 1705 153 1768 ni,
168 1707 244 1773 Marfi,
260 1709 363 1773 Peligni,
381 1708 495 1756 Frentani
506 1707 635 1764 mitterent
645 1710 751 1758 Romam
766 1719 852 1760 orato-

32 1843 33 1860 }
119 1797 152 1833 rea
166 1786 226 1851 pacis
242 1787 352 1855 petenda
365 1786 539 1854 amicitiaque.
556 1787 587 1836 iis
604 1785 702 1855 populis
719 1785 797 1838 loedut
808 1803 853 1856 pe·

122 1864 218 1915 tentibus
228 1866 322 1916 datum.
365 1869 371 1876 '
684 1881 688 1884 ·

148 1945 238 1994 XLVI.
256 1945 352 1996 Eodem
363 1959 429 1994 anno
446 1946 493 1994 Cn.
506 1942 609 1992 Flavius
621 1941 668 1990 Cn.
686 1939 751 1989 filiun
768 1941 855 2007 scriba,

117 2029 178 2086 patre
185 2021 308 2088 libertino,
326 2021 414 2072 humili
425 2021 527 2073 fortuna
536 2029 615 2082 ortus,
632 2022 741 2068 ceterum
755 2019 857 2071 callidus

117 2099 325 2168 viritlaeundus,
343 2101 419 2152 aedilis
433 2101 524 2152 curulis
540 2099 598 2150 suit.
634 2099 743 2149 Invenio
756 2099 783 2148 in
800 2099 855 2166 qui-

116 2177 208 2231 busdam
219 2182 357 2244 annalibus,
373 2195 451 2247 quum
467 2189 598 2248 appareret
616 2177 734 2244 edilibus,
751 2179 857 2256 fierique

114 2255 137 2307 le
147 2273 190 2326 pro
200 2262 265 2310 tribu
278 2259 374 2310 aedilem
387 2259 491 2320 videret,
503 2273 581 2324 neque
592 2259 672 2326 accipi
683 2273 782 2319 nomen,
794 2259 854 2324 quia

114 2335 223 2404 seriptum
233 2339 326 2390 taceret
335 2355 342 2398 ;
359 2335 593 2403 tabulampoluilse,
609 2335 738 2400 &jurali‘q
756 2335 781 2385 se
795 2335 854 2388 scri·
890 2383 895 2388 .

113 2425 177 2483 ptum
184 2431 234 2467 non
245 2415 379 2466 tatianam.
397 2429 472 2481 quem
483 2415 609 2481 aliquanto
619 2425 691 2465 antea
700 2413 783 2464 deslll'e
793 2414 853 2466 scri-

113 2502 179 2560 ptum
196 2493 286 2558 tacere,
310 2493 393 2556 arguit
410 2495 497 2542 Macer
513 2493 634 2557 Licinius,
652 2493 779 2545 tribunatu
796 2495 854 2544 anto

113 2571 175 2635 gello
188 2569 444 2637 triumviratibusque,
462 2571 583 2626 noliurno
592 2572 678 2636 altero,
694 2573 773 2624 altero
784 2576 854 2625 colo-

111 2649 156 2698 nia
172 2648 331 2701 deducenda.
367 2653 484 2700 ceterum
503 2651 538 2717 (id
558 2651 625 2717 quod
644 2651 709 2702 haud
721 2652 854 2730 discrepat)

110 2728 262 2777 contumacia
278 2725 396 2776 adversus
408 2737 592 2778 contemnentes
609 2728 771 2779 humilitatem
784 2729 855 2782 luam

110 2803 199 2854 nobiles
208 2803 335 2856 certavit:
353 2795 428 2853 eiiite
440 2805 489 2869 jus,
503 2793 640 2873 repositum
652 2807 678 2856 in
689 2808 854 2876 penetralibut

111 2877 262 2946 pontificum,
280 2878 420 2944 evulgavit,
437 2879 557 2947 lallosque
578 2881 643 2930 eirca
662 2881 745 2934 sorum
757 2885 782 2931 in
795 2883 854 2932 albo

111 2953 246 3025 proposuit,
262 2967 299 3018 ut,
317 2955 418 3024 quando
438 2957 492 3023 lege
513 2961 554 3024 agi
575 2961 660 3026 pollet,
678 2961 796 3012 sciretur:
820 2977 853 3010 ae·

110 3029 166 3083 ten
177 3031 322 3089 Concordia
336 3034 364 3086 in
374 3035 547 3090 areavulcani
558 3035 651 3090 tuma
659 3035 753 3091 inridit
761 3035 853 3088 nobili-

809 3125 857 3178 Μ
