2076 3612
172 192 206 240 4.
435 176 470 224 τ.
507 138 734 224 ιῐνῑῑ““

171 268 204 316 Et
215 263 342 332 postquam
355 274 533 332 prepotentem
550 263 625 314 armis
642 266 783 312 Romanum
799 277 846 314 nee
858 263 926 316 acie!
1014 319 1015 326 χ

172 342 294 392 subsistere
306 345 367 406 ullae,
385 361 430 394 nec
442 343 526 402 castra,
543 357 588 392 nec
605 342 678 390 urbes
690 351 821 407 poterant5
841 344 925 392 omni·
1014 335 1015 354 ¹

170 435 212 468 um
223 421 364 488 principum
378 423 403 470 in
421 421 520 470 Samnio
533 423 563 468 eb
572 434 635 468 curae
650 417 705 467 sunt
717 419 825 480 intentae,
843 431 874 468 ut
885 421 925 470 iu-

169 496 234 546 fidite
245 511 394 562 quaereretur
404 500 483 565 loeus,
499 498 516 546 fi
528 499 576 564 qual
588 497 687 546 licentib
698 496 844 564 populando
861 498 925 548 effu-

169 572 208 622 sus
219 577 343 626 exereitus
355 577 438 643 excipi
448 592 477 625 ac
489 575 666 625 circumveniri
678 573 764 640 pollet.
801 574 926 624 Translu-

169 666 206 714 gae
218 652 320 716 agrestes
338 653 363 704 ἃ
378 654 471 722 captivi
484 652 594 718 quidam,
612 667 666 718 pars
684 651 760 714 forte,
776 667 832 718 pars
844 651 924 704 const-

169 729 205 780 lio
217 729 302 791 oblati,
319 732 480 795 congruentia
489 731 520 780 ad
535 729 663 780 consulem
674 727 810 790 afferentes,
827 745 883 794 quae
898 729 925 780 ἀ

170 820 231 854 vera
249 819 326 871 erant,
344 810 441 875 pecoris
461 810 514 858 vim
534 809 660 871 ingentem
681 808 707 857 in
727 805 816 857 saltum
833 808 924 858 avium

169 883 322 950 compulsam
333 883 388 947 elle,
407 886 574 952 perpulerunt,
591 896 619 933 ut
628 883 763 951 predatum
776 885 807 931 ed
816 881 924 949 expedi-

170 974 200 1010 tae
211 961 359 1012 ducerentur
370 965 490 1028 legiones.
524 963 563 1012 Ibi
576 963 661 1026 ingens
679 962 783 1011 hollium
794 962 923 1010 exercitus

169 1041 257 1090 itinera
275 1043 387 1093 occultus
406 1041 535 1105 insederat,
553 1042 585 1104 dt,
604 1041 734 1107 poliquam
755 1038 852 1088 intrblse
871 1042 923 1088 Ro·

168 1134 255 1168 manos
267 1119 331 1168 vidit
349 1120 445 1182 saltum,
463 1123 562 1186 repente
576 1131 679 1168 exortus
694 1133 751 1167 eum
768 1118 876 1167 elamore
891 1133 923 1166 ae

168 1197 277 1244 tumultu
297 1196 409 1246 incautos
431 1197 536 1245 invadit.
572 1199 603 1244 Et
615 1197 696 1262 primu
713 1210 781 1244 nova
792 1209 828 1244 res
841 1195 920 1261 trepi-

167 1272 294 1322 dationem
305 1274 372 1336 secit‚
390 1274 449 1323 dum
461 1289 529 1324 arma
541 1275 651 1340 capiunt,
664 1274 768 1326 sarcinas
780 1283 922 1338 congerunt

167 1353 194 1400 in
203 1351 325 1400 medium:
344 1352 409 1413 dein,
427 1352 563 1419 postquam,
581 1364 609 1402 ut
620 1352 722 1419 quisque
737 1353 886 1402 liberaverat
896 1350 921 1401 se

167 1443 251 1490 onere,
268 1440 446 1496 aptaveratque
465 1431 547 1493 armis,
565 1431 595 1480 ad
608 1430 674 1494 ligna
687 1430 794 1494 undique
805 1430 920 1490 coibant,

167 1505 200 1570 dt,
210 1507 275 1556 notis
284 1507 412 1557 ordinibus
424 1511 448 1557 in
459 1510 537 1558 veteri
552 1508 680 1576 disciplina
691 1509 794 1570 militiae,
801 1507 855 1572 jam
867 1507 919 1556 tine

166 1595 291 1652 praecepto
308 1585 380 1634 ullius
402 1585 444 1635 sub
464 1586 551 1654 sponte
570 1585 707 1638 struebatur
723 1587 797 1648 acies,
820 1584 919 1648 consul,

164 1661 196 1710 ad
207 1663 341 1729 ancipitem
358 1665 466 1716 maxime
478 1681 585 1732 pugnam
602 1664 727 1728 advertus,
744 1663 821 1714 desrlit
833 1678 868 1712 ex
888 1677 915 1712 e·

165 1753 224 1804 quo,
242 1739 267 1790 u
282 1743 381 1804 Jovem‚
399 1745 557 1809 Martemque
573 1752 647 1808 atque
666 1744 728 1794 alios
745 1742 844 1792 testatur
864 1743 917 1790 De·

164 1833 202 1879 os,
212 1819 239 1883 se
250 1819 330 1868 nullam
336 1822 401 1886 suam
408 1821 503 1888 gloriam
514 1823 570 1885 inde,
582 1822 623 1888 sed
633 1823 728 1888 predam
745 1821 810 1870 militi
820 1835 916 1886 quaren-

163 1902 217 1957 tem,
234 1895 257 1945 in
268 1912 317 1946 eam
329 1899 396 1950 toran
408 1899 522 1968 deveniffe.
540 1913 606 1967 neque
616 1901 676 1966 inse
687 1901 753 1964 alind,
770 1901 835 1966 puden
847 1899 915 1948 ainri-

161 1987 200 2020 em
210 1973 293 2024 ditandi
304 1992 330 2026 err
340 1977 397 2041 bade
407 1979 485 2027 militis
499 1993 580 2037 croam,
599 1977 723 2041 reprebendi
730 1975 786 2040 prffe
793 1993 803 2023 .·
819 1973 845 2023 ab
859 1992 882 2024 ea
888 1977 917 2040 se

162 2049 263 2100 dedecore
273 2054 352 2102 nullam
363 2069 410 2103 rem
428 2054 503 2116 aliam,
518 2055 584 2118 qadna
595 2053 704 2100 virtatem
719 2052 820 2110 militurn,
838 2053 915 2100 virrdr'·

161 2139 269 2180 adaram.
287 2125 443 2180 conniterentbr
458 2132 518 2179 madb
532 2147 571 2178 una
588 2131 660 2177 animo
673 2143 743 2177 amnes
759 2128 863 2176 invadere
874 2131 914 2178 ba·

155 2211 223 2274 sterrr,
240 2208 324 2256 vittam
342 2210 396 2270 acie,
413 2208 488 2275 castris
506 2215 604 2269 exutam,
625 2207 728 2255 nudatum
747 2203 840 2270 urbibus,
857 2208 912 2256 attt-

160 2287 290 2352 mantspenr
301 2287 366 2350 farto
385 2285 509 2352 infidtaram
525 2293 650 2348 tentantem,
669 2286 696 2336 d·
707 2285 758 2348 loco,
775 2301 816 2334 non
832 2287 911 2352 arenis,

156 2365 253 2428 fretum.
288 2364 332 2412 Sed
340 2379 400 2429 quem
414 2361 509 2429 effejrm
519 2363 601 2412 vittati
611 2364 711 2412 Romane
724 2363 912 2432 inexpugnabilem

159 2444 248 2494 batem?
281 2442 424 2506 Fregellana
440 2456 494 2502 arx,
511 2447 658 2507 Soranaque,
676 2442 702 2492 dt
713 2441 856 2511 ubicunque
869 2445 909 2494 in-

160 2521 222 2586 iquo
242 2517 374 2568 succellunr
394 2529 446 2568 erat
466 2520 534 2583 loco,
559 2521 770 2570 memorabantur.
805 2523 851 2572 His
867 2539 910 2573 ae·

160 2595 245 2648 oensus
264 2596 340 2658 miles,
358 2599 470 2649 omniurn
489 2600 621 2650 immemor
632 2599 821 2666 difficultatum,
839 2601 910 2652 vadit

158 2672 274 2723 adversus
292 2675 462 2726 imminentem
475 2675 580 2726 hostium
598 2677 685 2728 aciem.
703 2679 738 2728 ibi
753 2679 854 2746 paulum
871 2679 907 2728 la·

161 2751 229 2799 boris
246 2749 301 2814 suit,
319 2751 385 2800 dum‘
398 2753 425 2803 in
436 2752 567 2806 adversum
579 2754 672 2806 clivum
688 2757 791 2820 erigitur
798 2761 888 2819 'agmen
900 2775 908 2808 e

160 2833 280 2893 ceterum,
304 2829 432 2897 postquam
452 2834 531 2901 prima
554 2832 620 2898 signa
639 2835 768 2902 planiciem
788 2832 909 2886 summam

160 2918 287 2974 ceperunt,
304 2907 423 2977 sensuque
443 2913 508 2962 acies
519 2927 590 2978 aequo
611 2913 635 2963 se
652 2914 705 2978 jam
716 2911 823 2961 inllitiile
839 2912 908 2978 loco,

159 2985 247 3040 versus
258 2991 384 3058 extemplo
396 2990 430 3044 eil
447 3001 527 3046 terror
544 2991 745 3060 inlaudatam,
763 2989 910 3056 easdemque

793 3067 906 3134 latebras,
