2076 3612
282 303 286 312 ‚
355 243 609 296 nrsnrtrx.
830 261 863 310 ,ς

99 338 182 408 pediti
194 333 267 387 suntr
285 336 339 403 poll
348 345 445 403 tempus
457 335 488 386 ad
499 335 563 389 bella
575 337 670 385 ierunt:
688 343 745 387 ante
762 348 862 408 tempus
951 373 954 382 ·

102 419 271 468 comitiorum
283 415 356 464 causi
365 416 478 466 revocati
488 413 558 464 sunt:
577 413 666 482 inipso
676 429 767 469 conatu
779 435 862 472 rerum

103 495 257 558 circumegit
274 493 300 542 se
319 509 414 542 annru:
442 491 541 558 collegas
560 509 627 543 nunc
647 497 778 560 temeritas,
795 513 863 548 nunc

105 575 228 644 pravitas,
245 571 426 639 impedimento
446 582 489 620 aut
509 571 601 623 damno
621 571 769 624 immorali
791 577 861 640 gellis

106 653 181 703 rebus
191 651 293 700 alterius
305 647 438 699 successum
450 649 499 698 est:
518 649 624 699 tironem
641 661 686 701 aut
704 653 768 702 mala
788 653 864 704 disci-

106 731 176 800 plini
187 729 330 780 institutum
344 721 481 778 exercitum
493 739 650 796 acceperunt.
685 736 728 796 At,
747 733 863 798 Hercule,

106 825 177 875 reges
200 823 253 860 nou
272 807 346 856 liberi
365 806 445 856 solum
463 806 645 874 impedimentis
665 810 788 874 omnibus,
821 812 864 864 sed

107 889 208 940 domini
219 901 305 938 rerum
318 895 516 953 temporumque,
533 887 637 935 trahunt
646 886 751 938 consiliis
766 889 864 954 cunila,

107 981 163 1016 non
175 964 322 1029 sequuntur,
357 960 468 1010 Invidus
478 976 539 1024 ergo
550 961 690 1010 Alexander
699 979 755 1014 cum
765 965 865 1016 invictis

107 1041 220 1092 ducibus
237 1039 301 1089 bella
318 1039 425 1104 gesfilset,
443 1040 469 1089 δε
488 1037 574 1088 eadem
592 1038 698 1088 sortunae
716 1040 821 1107 pignora
839 1044 866 1093 iu

109 1117 247 1168 discrimen
259 1115 383 1166 detulisset.
408 1117 461 1165 imb
472 1116 548 1166 etlam
560 1128 592 1165 eo
605 1114 660 1182 plus
673 1116 775 1182 periculi
788 1117 867 1168 subis-

110 1197 158 1259 set,
177 1195 246 1261 qudd
263 1194 414 1246 Macedones
432 1209 511 1244 unum
528 1193 698 1244 Alexandrum
719 1195 866 1266 habuissent,

110 1274 198 1324 multis
210 1272 304 1322 casabus
321 1289 373 1323 non
393 1271 475 1323 [olum
492 1270 641 1336 obnoxium,
659 1269 699 1331 sed
717 1274 791 1324 etiam
803 1273 867 1326 olse-

111 1362 209 1402 rentem
229 1349 269 1399 se:
293 1351 412 1401 Romanis
433 1348 507 1398 multi
526 1347 631 1411 fuissent,
656 1349 807 1414 Alexandro,
824 1351 866 1402 vel

110 1430 200 1495 gloria,
219 1428 262 1478 vel
281 1443 364 1477 rerum
385 1425 565 1491 magnitudine,
582 1439 669 1496 pares:
695 1444 801 1494 quorum
821 1429 867 1480 suo

111 1505 216 1575 quisque
227 1506 291 1574 sato,
308 1505 358 1556 stne
370 1506 474 1574 publico
486 1505 634 1570 discrimine,
646 1505 745 1558 viveret
756 1524 867 1560 morere·

114 1599 215 1654 tueque.

144 1667 222 1714 XIX·
240 1662 332 1726 Restat,
349 1672 379 1712 ut
395 1663 474 1730 copiae
485 1662 565 1730 copiis
580 1673 756 1730 comparentur
766 1664 808 1715 vel
820 1679 866 1714 nu·

112 1757 191 1808 mero,
210 1742 253 1791 vel
273 1741 383 1790 militum
403 1755 501 1806 genere,
518 1741 560 1789 vel
578 1741 739 1792 multitudine
755 1743 866 1792 auxilio·

112 1835 176 1870 rum.
212 1818 385 1868 Censebantur
396 1819 449 1882 ejus
460 1820 538 1868 aetatis
546 1808 628 1867 lullris
639 1819 734 1868 ducena
743 1819 867 1885 quinqua·

112 1913 175 1962 gerra
185 1898 266 1946 millia
278 1897 398 1964 capitum.
425 1900 522 1963 Itaque,
536 1897 561 1944 in
574 1895 644 1944 omni
655 1895 791 1947 delestioae
803 1897 868 1946 soci·

112 1991 184 2025 orum
203 1975 291 2024 Latini
312 1975 429 2040 nominis,
455 1975 553 2023 urbano
574 1974 652 2040 prope
671 1970 764 2022 delellu
782 1972 868 2024 decem

112 2051 284 2101 scribebantur
306 2051 425 2116 legiones.
456 2048 570 2117 quaterni
595 2046 716 2114 quinique
744 2047 869 2097 exercitus

113 2129 174 2197 sape
193 2146 236 2197 per
255 2145 299 2178 eos
310 2144 389 2178 annos
401 2132 427 2179 in
439 2129 547 2192 Etruria,
563 2129 589 2179 in
600 2125 711 2191 Umbria,
730 2127 809 2177 Gallis
821 2129 869 2178 ho·

114 2207 188 2258 ilibus
199 2205 329 2272 adjunctis,
346 2209 373 2257 in
393 2207 502 2267 Samnio,
520 2209 546 2256 in
561 2205 668 2256 Lucanis
686 2205 806 2270 gerebant
817 2205 869 2255 bel-

114 2285 175 2336 lum.
209 2285 314 2334 Latium
332 2283 424 2334 deinde
439 2299 514 2336 omne
532 2299 588 2333 cum
601 2282 704 2346 Sabinis,
724 2282 868 2348 &Volscis,

113 2365 139 2415 dt
150 2365 245 2430 Equis,
263 2363 289 2413 ἃ
302 2364 372 2412 omni
385 2363 530 2430 Campania,
548 2363 574 2412 8:
586 2372 656 2428 parte
666 2361 776 2411 Umbriae
792 2365 875 2412 Etru-v

114 2445 212 2508 tiaeque,
230 2443 256 2492 dt
268 2442 421 2506 Picentibus,
439 2443 464 2492 a
483 2441 578 2506 Marsis,
595 2439 756 2507 Peligntsque,
773 2457 802 2490 ac
815 2446 867 2490 Ve-

114 2521 188 2584 llinis,
203 2532 280 2586 atquc
293 2521 392 2586 Apulis,
404 2519 565 2585 adjunttaque
581 2519 705 2571 omniura
716 2523 866 2570 Graecorum

116 2597 187 2648 inseri
199 2598 272 2646 maris
284 2602 299 2646 a
311 2597 417 2646 Thuriis
430 2597 562 2664 Neapolim
573 2597 599 2646 ds
609 2601 706 2661 Cumas,
715 2597 741 2646 de
749 2597 806 2646 inde
815 2601 868 2647 An·

114 2677 151 2726 tio
161 2686 233 2743 atque
246 2675 321 2725 Ostiis
337 2686 409 2726 tenus
420 2676 548 2739 Samnites,
564 2686 608 2725 aut
617 2673 696 2726 socios
706 2675 803 2726 validos
814 2680 868 2727 Ro·

115 2755 200 2816 manis,
217 2763 263 2804 aut
278 2751 370 2803 sraflos
383 2753 450 2804 bello
461 2751 591 2802 invenisset
602 2753 690 2804 hostes.
725 2753 781 2821 Ipse
795 2754 868 2818 trajo

116 2829 183 2880 eilset
193 2846 262 2881 mare
274 2846 335 2880 curn
347 2833 470 2881 veteranis
481 2830 671 2895 Macedonibus,
689 2827 740 2882 non
756 2832 810 2898 plus
822 2834 867 2882 tri-

118 2907 186 2970 ginta
193 2909 304 2960 millibus
316 2909 448 2958 hominum
465 2909 490 2962 δι
507 2921 612 2975 quatuor
623 2910 730 2962 millibus
746 2911 868 2977 equitum,

117 2984 227 3033 marina
234 2984 420 3036 Thessalorum.
439 2988 487 3037 hoc
499 2987 565 3036 euim
576 2987 742 3038 roboriserat.
777 2988 869 3052 Persas,

116 3059 202 3125 Indos,
220 3061 329 3132 aliasque
347 3065 365 3120 ti
381 3060 530 3134 adjunxisset
546 3077 639 3138 gentes,
661 3055 883 3136 impedimentum

68 3195 73 3207 Ι
148 3142 227 3193 Tou.
245 3145 308 3196 11„
494 3149 515 3199 B
556 3173 559 3182 .
777 3142 867 3210 majus,
