2058 3642
299 221 467 274 LIBER
500 211 639 274 XXVIL.
779 231 825 280 55!

111 315 156 367 Ll.
175 313 245 382 Ipsos
257 313 346 366 deinde
355 315 557 381 appropinquare
568 314 664 378 legatos
675 309 775 364 allatum
785 314 828 364 est.
845 379 847 381 Ι

77 400 132 441 tum
147 392 276 441 enimvero
288 392 370 441 omnir
385 403 442 440 aetas
451 405 548 439 currere
558 390 638 450 obvii,
656 388 830 457 primusquis·

76 482 125 532 que
142 467 220 516 oeulis
237 468 386 534 alpibusque
401 468 501 516 haurire
516 477 612 518 tantum
627 467 746 530 gaudium
758 467 829 534 cupi

13 567 16 576 ι
75 557 154 594 entes.
172 546 202 596 acl
224 533 351 596 Mulvium
370 545 445 612 usque
464 555 568 612 pontem
589 547 719 595 continent
738 561 829 610 agmen

76 624 201 688 pervenit.
236 625 325 689 Legati
342 624 423 686 (erant
439 626 471 672 1..
485 623 603 673 Veturius
621 623 700 683 Philo,
718 625 746 672 Ρ.
760 624 829 674 Lici-

74 701 132 751 nius
148 705 236 764 Varus,
256 705 290 766 Q.
309 702 422 752 Caecilius
440 700 566 765 Metellus)
589 700 729 752 circumfusi
748 701 830 752 omnis

75 780 173 844 generis
191 775 321 831 hominum
340 781 481 846 srcquenti‘a
501 783 527 830 in
547 779 632 830 sorum
647 788 815 847 pervenerunt
821 798 829 843 ς

74 871 153 924 quum
164 859 206 908 alii
224 859 300 927 ipsos,
316 861 359 910 alii
374 861 477 910 comites
492 875 589 921 eorum,
606 849 827 924 quae'asiaeffent,

72 934 304 1008 percunsiarentur,
322 937 495 1003 &utquisque
505 936 626 998 audierat,
638 935 776 984 exercitum
785 935 830 985 ho-

72 1009 148 1059 stium
161 1010 386 1078 imperatoremque
398 1010 514 1075 occistun‚
533 1013 644 1076 legiones
656 1013 783 1060 Romanas
792 1010 829 1060 in·

71 1086 194 1151 columen
206 1087 288 1138 salvos
300 1089 413 1139 consules
424 1087 479 1152 else,
492 1088 620 1155 extemplo
632 1088 686 1136 aliis
696 1102 772 1154 porro
780 1087 828 1137 im-

72 1164 215 1230 pertiebant
225 1166 344 1230 gaudium
354 1159 434 1216 suum.
461 1170 546 1230 Quum
558 1180 621 1229 aegre
630 1166 657 1214 in
668 1165 762 1214 curiam
772 1179 829 1231 per·
864 1193 873 1204 =

69 1252 179 1291 ventum
191 1241 257 1307 esset,
275 1243 356 1294 multo
373 1243 463 1308 aegrirls
475 1241 598 1293 summota
607 1243 688 1306 turba,
706 1256 737 1290 ne
749 1233 841 1292 Patri(

70 1317 120 1369 bus
136 1318 288 1384 misceretur,
305 1322 382 1371 litera
401 1323 425 1370 in
444 1313 530 1370 senatu
551 1321 660 1371 recitatae
680 1319 746 1370 sunt.
771 1318 829 1370 inde

69 1393 186 1462 produiii
199 1398 225 1446 in
234 1397 479 1461 concionemlegati.
514 1399 546 1446 L.
557 1398 685 1462 Veturius,
703 1397 828 1451 literisre-

69 1473 163 1535 citatis,
180 1473 231 1539 ipse
247 1476 342 1541 planius
358 1476 451 1538 omnia,
469 1489 524 1540 quae
538 1473 592 1524 asia
611 1486 688 1536 erant,
707 1475 828 1543 exposuit

68 1565 132 1615 cum·
143 1551 237 1613 ingenti
249 1551 353 1612 assensu,
370 1554 494 1618 postremo
502 1553 578 1602 etiam
588 1554 696 1604 clamore
705 1553 828 1605 uniuersa

69 1625 211 1688 concionis,
229 1642 305 1690 quum
317 1628 365 1676 vix
377 1628 495 1690 gaudium
505 1629 595 1676 animis
607 1639 733 1698 caperent.
768 1630 826 1680 Dis-

70 1697 172 1750 cursum
184 1700 240 1750 inde
251 1702 283 1750 ab
295 1701 348 1750 aliis
361 1703 426 1752 circa
441 1703 533 1768 templa
549 1703 640 1765 Deum,
659 1713 688 1751 ut
705 1713 786 1768 grates
798 1721 825 1754 a·

70 1786 158 1842 gerent
167 1795 174 1837 ;
191 1776 224 1826 ab
233 1778 290 1828 aliis
307 1777 404 1838 domos,
421 1788 450 1826 ut
462 1777 611 1840 conjugibus
626 1778 759 1844 liberisque
774 1790 826 1832 tam

69 1854 156 1904 laetum
166 1856 285 1904 nuncium
294 1855 458 1922 impertirent.
494 1858 604 1917 Senatus,
622 1855 690 1922 quud
700 1859 739 1904 M.
752 1857 826 1908 Livi·

70 1945 101 1980 us
115 1931 141 1980 ὃς
151 1934 181 1980 C.
195 1932 313 1983 Claudius
328 1931 447 1993 consules,
464 1932 585 1983 incolumi
597 1933 720 1995 exercitu,
736 1933 826 1986 ducem

70 2009 180 2059 hostium
189 2009 346 2076 legionesque
357 2009 509 2071 occidissent,
528 2007 734 2076 supplicationem
744 2012 769 2060 in
780 2012 825 2062 tri-

70 2086 149 2137 duum
164 2086 285 2137 decrevit.
303 2103 358 2138 eam
375 2088 581 2156 supplicationem
595 2091 624 2137 C.
634 2088 751 2138 Hostilius
762 2105 826 2156 prae-

69 2173 112 2215 tor
123 2178 169 2230 pro
186 2166 307 2216 concione
322 2165 410 2230 edixit,
428 2163 599 2232 celebrataque
614 2171 629 2216 a
644 2167 704 2215 viris
713 2165 823 2216 seminis·

69 2257 118 2307 que
130 2242 172 2292 est.
208 2245 299 2294 Omnia
315 2243 408 2312 templa
425 2259 469 2312 per
484 2255 567 2294 totum
583 2244 692 2294 triduum
705 2245 824 2310 aqualem

69 2321 169 2371 turbam
178 2321 288 2374 habuere
298 2342 304 2373 :
323 2339 401 2390 quum
411 2335 529 2374 matrone
538 2323 682 2390 amplisfimi
690 2323 756 2372 veste
766 2339 823 2374 cum

69 2397 162 2462 liberis,
179 2401 281 2466 perinde
300 2418 330 2452 ac
348 2401 364 2451 sr
383 2400 534 2452 debellatum
555 2399 629 2463 soret,
649 2401 718 2450 omni
737 2399 824 2454 soluta

70 2485 149 2537 metu,
166 2477 226 2526 Deis
238 2480 419 2530 immortalibus
431 2489 511 2544 grates
520 2488 631 2544 agerent.
651 2482 745 2528 Statum
758 2495 822 2546 quo·

69 2566 119 2618 quc
132 2551 242 2604 civitatis
254 2570 283 2604 ea
295 2555 399 2606 viiioria
409 2559 508 2606 movit:
526 2569 554 2606 ut
562 2556 614 2620 jam
624 2557 690 2622 inde,
708 2557 773 2608 haud
785 2558 822 2609 sc·

68 2644 114 2679 cut
129 2635 204 2695 quim
221 2632 246 2681 in
257 2648 325 2698 pace,
343 2647 380 2683 res
393 2635 457 2684 inter
468 2633 492 2683 se
507 2635 661 2700 contrahere,
679 2635 821 2704 vendendo,

68 2707 185 2770 emendo,
203 2720 319 2760 mutuum
335 2711 426 2775 dando,
444 2723 573 2776 argentum
588 2713 709 2763 creditum
720 2714 820 2766 solven-

68 2781 113 2848 do,
130 2784 258 2836 auderent.
295 2791 325 2837 C.
337 2788 454 2839 Claudius
463 2790 549 2840 consul
559 2806 635 2856 quum
645 2793 672 2842 in
684 2793 759 2844 casira
767 2793 821 2844 red·

66 2857 131 2924 isset,
149 2874 224 2931 caput
240 2863 409 2927 Hasdrubalis,
427 2865 494 2932 quod
506 2865 697 2922 servatumeum
712 2881 820 2922 curaat·

67 2937 166 3004 tulerat,
183 2941 274 3008 projici
285 2952 342 2992 ante
355 2943 460 2995 holiium
470 2943 592 3009 stationes,
610 2946 773 3015 captivosque
783 2953 819 3000 Α·

65 3012 121 3068 troc
132 3019 237 3088 vincior,
253 3031 369 3092 urerent,
386 3022 490 3093 ostendi,
507 3022 570 3078 duos
580 3025 698 3080 etiamex
713 3028 744 3079 iit
751 3027 818 3078 solu-

775 3118 817 3159 108
