2076 3612
368 261 620 314 Ltnnrtrx.
826 277 860 328 ²⁷

101 355 178 418 teies,
200 351 334 419 graviores
346 358 419 417 quim
436 353 604 404 Macedonum
621 359 695 417 atque
712 353 859 420 Alexandri,

103 434 204 494 avertit,
222 441 388 495 avertetque3
413 431 490 482 modo
508 432 536 480 srt
556 443 687 498 perpetuus
704 434 782 499 hujus,
808 439 857 502 qua

103 489 227 571 divimus,
247 509 314 576 pacis
326 525 398 558 amor
414 508 531 558 &civilis
545 525 602 557 cura
617 511 763 561 concordiae.

138 592 198 638 XX.
217 590 258 638 M.
281 587 376 636 Foslius
396 587 551 636 Flaccinator
571 585 627 636 inde
651 587 675 636 ἃ
697 591 726 636 L.
749 592 857 642 Plautius

107 670 197 715 Venno
216 665 330 716 consules
352 664 418 714 sacti.
453 666 566 716 annno
583 667 614 716 ab
632 665 800 731 frequentibus
815 677 856 720 Sa-

104 744 222 792 mnitium
234 742 336 809 populis
342 741 372 790 de
383 740 472 791 fordere
483 744 630 794 renovando
643 745 808 812 legatiquum
819 749 855 798 se-

104 831 191 872 natum
203 820 353 870 humilitati
365 818 506 882 movillcnt,
516 819 598 886 tejelli
608 821 638 870 ad
648 825 767 890 populum
778 826 856 876 haud·

103 913 234 963 quaquam
246 908 298 946 tam
314 897 421 946 efficaces
434 895 559 946 habebant
570 913 663 966 preces.
698 905 793 968 ltaque,
810 905 856 954 loe·

102 975 163 1026 dere
177 986 278 1038 negato,
295 973 401 1032 induciae
418 975 521 1038 biennii,
538 991 615 1040 quum
630 993 673 1046 per
690 979 785 1043 aliquot
803 982 857 1030 dies

101 1050 249 1114 fatigassent
260 1051 362 1114 singulos
374 1053 499 1118 precibus,
518 1053 663 1117 impetrata.
698 1058 729 1104 Et
741 1073 773 1105 ex
787 1061 858 1124 Apu·

102 1128 141 1178 lia
155 1127 296 1178 Teanenses
314 1129 476 1194 Canufinique
493 1129 697 1196 populationibus
718 1131 776 1194 scffi,
794 1133 858 1182 obst-

104 1207 181 1257 dibus
192 1208 225 1254 L.
238 1206 333 1255 Plautio
343 1207 437 1256 consuli
447 1205 517 1267 datis,
527 1207 553 1256 in
565 1205 716 1258 deditionem
726 1221 857 1262 venerunt.

103 1283 278 1338 Eodemanno
285 1285 392 1350 primum
400 1284 510 1350 praesceli
519 1289 629 1352 Capuam
640 1289 716 1338 creari
728 1291 809 1356 coepti,
821 1290 858 1340 le..

103 1363 179 1427 gibus
191 1363 224 1411 ab
235 1364 267 1410 L.
280 1363 356 1412 Furio
368 1373 473 1429 praetore
484 1363 563 1412 datis:
582 1379 658 1431 quum
670 1377 803 1434 utrumque
811 1368 856 1437 ipsc

104 1456 153 1508 pro
163 1439 278 1492 remedio
292 1442 362 1504 aegris
379 1441 451 1492 rebus
468 1440 590 1512 discordia
607 1444 717 1496 intestina
734 1447 856 1514 petissent.

103 1521 137 1572 Et
154 1518 210 1569 duae
228 1522 317 1569 Romae
335 1519 423 1570 additae
444 1520 529 1582 tribus,
546 1520 662 1572 Ufentina
682 1540 711 1574 ac
733 1525 856 1578 Falerina.

103 1598 233 1648 Inclinatis
245 1598 322 1648 semel
334 1599 359 1646 in
372 1599 462 1666 Apulia
470 1599 549 1661 rebus,
568 1603 659 1652 Teates
672 1618 771 1668 quoque
784 1609 856 1672 Apu-

102 1675 120 1724 li
133 1675 165 1726 ad
176 1693 262 1726 novos
275 1676 394 1740 consules,
414 1681 443 1726 C.
456 1678 557 1743 Juniurn
571 1679 717 1746 Bubulcum,
728 1687 761 1746 Q.
775 1681 865 1737 AEmi-'

103 1754 164 1806 lium
175 1755 320 1816 Barbulam,
338 1754 414 1804 foedus
426 1757 531 1824 petitum
547 1769 676 1822 venerunt,
693 1761 759 1826 pacis
771 1777 815 1828 per
826 1748 862 1814 ο(

103 1833 323 1902 mrtem-Apuliam
335 1833 473 1900 praellandae
489 1836 583 1902 populo
602 1840 716 1886 Romano
734 1839 854 1891 nudiores.

104 1911 130 1960 id
141 1911 256 1961 audacier
268 1911 599 1980 spondendo'impetravere,
614 1923 642 1962 ut
653 1913 731 1963 foedus
742 1917 857 1968 daretur:
897 1969 900 1982 ,

103 2003 183 2056 neque
194 2000 223 2039 ut
231 2005 305 2054 aequo
318 1999 399 2040 tamen
411 1989 511 2052 foedere,
530 1988 571 2038 sed
583 1999 610 2037 ut
623 1990 649 2037 in
661 1989 755 2040 ditione
770 1997 857 2062 populi

104 2069 211 2122 Romani
223 2067 310 2118 ellent.
330 2069 420 2136 Apulia
432 2067 579 2136 perdomiti,
588 2071 656 2132 (nam
673 2069 782 2118 Forento
794 2088 857 2138 quo-

104 2159 150 2209 que
169 2144 255 2194 valido
275 2145 372 2211 oppido
392 2146 481 2210 Junius
498 2145 593 2212 potitus
613 2145 674 2208 erat)
697 2145 723 2194 in
740 2149 864 2200 Lucanos,

105 2222 252 2289 penetrum.
279 2222 338 2272 inde
357 2225 488 2292 repentino
505 2225 616 2276 adventu
635 2225 730 2276 AEmilii
749 2228 857 2282 consulis

105 2301 226 2350 Nerulum
238 2301 266 2349 vi
278 2311 389 2367 captum.
423 2303 456 2352 Et
467 2303 594 2371 postquam
611 2317 650 2352 res
664 2307 754 2370 Capuae
763 2307 854 2358 stabili-

105 2387 140 2428 tas
152 2381 267 2430 Romana
286 2380 416 2447 disciplinis
430 2379 496 2432 fama
507 2399 551 2450 per
562 2382 642 2432 socios
653 2384 767 2448 vulgavit
774 2406 781 2447 ;
801 2393 854 2440 An.

105 2459 204 2508 tiatibus
216 2474 326 2524 quoque,
344 2461 387 2524 qui
405 2459 430 2508 se
450 2459 497 2522 srne
508 2461 602 2526 legibus
616 2464 695 2524 certis,
713 2463 761 2513 sine
774 2469 854 2532 magi-

104 2536 215 2587 stratibus
235 2553 310 2602 agere
330 2539 503 2603 querebantur,
520 2540 570 2590 dati
590 2542 622 2591 ab
643 2541 727 2594 senatu
750 2545 781 2596 ad
795 2548 854 2611 jura

105 2613 230 2663 llatucnda
241 2614 316 2682 ipsius
328 2613 434 2664 colonia
445 2618 544 2682 patroni
556 2635 562 2666 :
580 2633 623 2668 nec
635 2634 703 2670 arma
714 2623 796 2688 modo,
810 2624 854 2678 led

100 2693 156 2758 jura
167 2695 242 2743 etiam
257 2697 373 2744 Romana
384 2694 432 2744 late
443 2697 578 2762 pollebant.

135 2776 208 2822 XXI.
229 2775 260 2822 C.
279 2773 369 2838 Junius
384 2774 506 2825 Bubulcus
525 2777 550 2826 ἃ
569 2779 603 2842 Q.
620 2779 732 2838 AEmilius
747 2781 853 2836 Barbula

102 2849 212 2900 consules
229 2849 302 2901 exitu
319 2852 378 2902 anni
394 2867 445 2904 non
459 2855 599 2906 consulibus
611 2856 641 2908 ab
661 2857 683 2908 se
696 2863 790 2923 creatis,
808 2865 861 2932 Sp.'

103 2931 197 2979 Nautio
214 2931 240 2980 δε
259 2933 299 2980 Μ.
312 2930 430 2998 Popillio,
448 2941 558 2991 ceterum
575 2935 688 2988 diuatori
705 2942 735 2988 L.
748 2944 851 2996 AEmilio

100 3003 213 3068 legiones
229 3007 396 3058 tradiderunt.
430 3011 462 3072 Is,
479 3027 534 3062 cum
546 3016 576 3082 L.
593 3015 683 3064 Fulvio
695 3019 809 3082 magistro
824 3037 851 3068 c·

100 3083 204 3152 quirum
221 3087 355 3142 Saticulam
369 3103 511 3160 oppugnare
525 3091 632 3164 adortus,
648 3094 780 3148 rebellandi
792 3113 852 3146 cau-

447 3168 500 3223 B:
800 3169 860 3224 sarlt'
