2126 3642
189 201 242 262 aa·
418 195 711 260 ‘metvtt’

190 303 245 354 qua
262 304 295 340 ex
313 290 394 342 Sicilia
412 294 532 360 redissent,
550 297 668 361 dccrctae;
687 303 726 350 M.
749 301 870 357 Claudius
887 303 962 376 pro:

189 366 275 416 consul
292 367 323 418 ad
341 384 399 420 eum
411 373 559 438 exercitum,
577 378 619 440 qui
638 375 711 444 supra
726 381 859 434 Suessulam
874 387 958 436 Nolae

188 444 334 510 praesideret,
352 448 444 498 missus.
479 453 598 502 Pratorcs
610 455 636 503 in
646 457 753 508 Siciliam
765 477 794 510 ac
805 464 955 514 Sardiniam

188 521 303 588 proselli.
340 527 459 576 Consules
471 529 612 596 edixerunt,
625 536 723 598 quoties
734 538 761 586 in
772 537 886 592 senatum
897 558 954 594 vo·

149 631 155 664 :
187 597 284 663 callent,
302 605 338 648 utl
350 600 481 668 senatores,
499 605 638 673 quibusque
650 609 676 658 in
693 609 779 662 senatu
792 613 877 666 dicere
889 615 953 668 seu·

187 676 292 727 tentiam
318 676 409 740 liceret,
435 679 467 730 ad
490 693 589 746 portam
613 688 739 752 Capenam
765 693 952 742 convenirent.

185 747 314 814 Prator'es,
331 771 437 820 quorum
447 758 585 822 jurisdislio
597 773 658 826 erat,
676 765 809 816 tribunalia
821 769 853 819 ad
866 771 951 830 Pisci-

184 835 243 882 nam
252 829 378 896 publicam
388 831 533 900 posuerunt.
547 839 577 884 eo
587 836 731 888 vadimonia
741 841 792 891 fieri
800 843 949 906 jusserunt:

185 909 272 974 tbique
284 923 315 959 co
327 925 393 960 anno
402 911 443 975 jus
455 911 546 964 diuum
557 915 600 964 est.
635 915 739 967 Interim
750 917 948 987 Karthaginem,

183 987 250 1038 unde
270 990 350 1053 Mago
364 986 442 1040 stater
460 992 605 1044 Hannibalis
623 992 756 1062 duodecim
773 999 852 1048 millia
867 1000 946 1067 pedi-

182 1077 246 1132 tum,
267 1067 293 1118 dt
314 1067 380 1116 mille
392 1069 540 1132 quingentos
557 1071 658 1135 equites,
675 1073 768 1138 viginti
784 1077 947 1144 elephantos,

182 1145 251 1196 mille
261 1145 356 1210 argenti
369 1144 460 1194 talenta
469 1146 496 1196 in
507 1146 605 1196 Italiam
616 1147 795 1208 transmissurus
807 1163 868 1218 erat,
880 1162 945 1206 orni

182 1224 296 1292 prasidio
317 1223 445 1286 sexaginta
462 1225 567 1274 navium
585 1226 726 1295 longarum,
744 1233 848 1282 nuncius
862 1234 943 1286 affer·

182 1312 232 1364 tur,
250 1302 277 1350 in
288 1299 408 1368 Hispania
419 1317 473 1350 retn
485 1303 548 1352 male
560 1303 659 1368 gellam,
678 1307 815 1375 omnesque
822 1311 902 1362 same
912 1328 942 1375 eg

178 1377 221 1442 jus
233 1375 372 1443 provincia
383 1377 489 1443 populos
506 1377 537 1426 ad
546 1381 674 1431 Romanos
692 1382 814 1435 defecisse.
849 1389 940 1455 Erant,

181 1454 226 1522 qui
244 1456 381 1518 Magonem
395 1469 452 1502 cum
470 1453 541 1504 classe
553 1471 582 1506 ea
594 1457 729 1525 copiisque,
748 1463 837 1512 omissi
853 1465 939 1530 Italis,

180 1533 208 1584 in
219 1530 366 1598 Hispaniam
385 1541 540 1596 averterent;
559 1551 637 1601 quum
655 1539 771 1591 Sardinia
788 1542 939 1610 recipienda

178 1609 309 1678 repentina
321 1607 375 1678 spes
386 1609 494 1662 adsulfit.
528 1613 632 1664 Parvum
644 1613 673 1664 ibi
684 1618 802 1667 exercitum
813 1621 937 1672 &manum

142 1669 146 1676 ¹
179 1683 238 1755 effe:
248 1694 346 1736 veterem
355 1694 470 1754 praecem
480 1687 530 1737 inde
538 1689 572 1738 A.
584 1679 704 1740 Caenidem
712 1695 830 1759 provincie
835 1697 937 1760 peritum

177 1765 287 1830 decedere,
304 1781 384 1814 nevum
395 1765 522 1833 exspetlari.
546 1767 640 1832 Adhuc,
652 1769 720 1834 seffor
725 1773 776 1837 jam
786 1773 868 1824 mimos
878 1777 935 1826 Sar-

178 1843 254 1894 dorum
266 1843 304 1912 effe
316 1843 458 1896 diuturnitate
472 1845 561 1911 imperii
570 1845 626 1895 nse
641 1848 780 1912 proximasse
793 1867 849 1902 ceno
859 1854 935 1904 acerbe

178 1931 243 1990 atque
259 1927 330 1972 avare
346 1924 488 1989 imperatam.
505 1921 577 1988 gravi
595 1917 674 1973 tribuo
691 1924 843 1978 decollatione
861 1930 935 1997 iniqua

173 2001 286 2068 frumenti
293 1999 381 2070 preffes.
399 1999 454 2051 nibil
463 1999 528 2070 deeffe
542 2000 607 2065 aliud,
623 2001 690 2068 quirit
703 2003 818 2071 cessorem
836 2006 934 2074 adquem

178 2082 303 2146 dqicereut.
337 2084 397 2131 Hac
410 2081 557 2132 clandestina
568 2080 661 2146 legatio
673 2097 718 2150 per
727 2085 932 2152 principes'missa

179 2169 249 2219 erat;
267 2159 377 2208 maxime
388 2173 443 2209 eam
454 2175 507 2212 rent
518 2159 638 2210 moliente
646 2161 813 2227 Hampsicora,
825 2166 930 2228 quitum

179 2235 327 2288 austeritate
340 2246 414 2302 atque
425 2239 515 2306 opibus
526 2239 600 2304 longe
611 2239 702 2306 primus
714 2243 775 2290 erat.
807 2242 855 2290 His
865 2257 930 2294 nun,

179 2313 226 2364 ciis
239 2317 316 2380 prope
333 2329 384 2363 uno
402 2325 515 2383 tempore
527 2317 627 2379 turbati,
643 2313 773 2381 credique,
791 2319 928 2383 Magonem

94 2403 99 2412 “
178 2407 237 2442 curn
258 2390 327 2440 classe
346 2391 390 2441 sua
409 2395 535 2460 copiisque
554 2395 581 2445 in
601 2393 747 2462 Hispaniam
766 2395 879 2446 mittunt.
900 2399 927 2450 in
949 2451 953 2455 ,

177 2471 316 2533 Sardiniam
336 2470 515 2523 Hasdrubalem
531 2475 645 2540 deligunt
662 2473 764 2526 ducem:
791 2475 817 2527 dt
832 2481 927 2529 tanturn

147 2558 149 2566 ·
177 2546 257 2598 ferme
277 2546 414 2612 copiarum,
439 2559 560 2614 quantum
580 2552 697 2617 Magoni,
719 2551 864 2602 decernunt.
895 2555 927 2604 Et

177 2627 266 2676 Rome
276 2623 395 2688 consules,
412 2625 538 2676 transaslis
548 2627 631 2694 rebus,
650 2645 703 2696 qua
715 2630 742 2682 in
753 2630 815 2680 urbe
829 2633 926 2696 agenda

177 2710 256 2763 erant,
273 2700 412 2751 movebant
424 2702 476 2765 jam
487 2705 537 2754 sese
549 2707 580 2756 ad
591 2707 695 2758 bellum.
730 2709 776 2759 Ti.
790 2709 926 2773 Semproni·

176 2781 210 2830 tts'
219 2777 340 2830 militibus
352 2779 484 2830 Sinuessam
495 2782 566 2832 diem
578 2784 609 2833 acl
621 2785 824 2837 conveniendum
835 2785 909 2836 edixit
916 2804 924 2848 ;

177 2852 211 2909 δι’
224 2860 257 2926 Q.
275 2856 375 2921 Fabius,
392 2855 507 2908 consulto
525 2860 594 2926 prius
612 2859 707 2923 senatu,
723 2873 753 2912 ut
765 2863 926 2914 frumentea-¹

178 2941 248 2986 n'tnes
260 2947 293 2984 ex
309 2935 382 2998 agris,
399 2947 456 2983 ante
469 2935 591 2986 Kalendae
605 2937 692 3000 Junias
703 2939 805 3004 primas,
822 2941 848 2990 in
859 2937 927 2992 urbes

176 3011 479 3082 almitas‘eottveherent.
512 3013 562 3083 Qt
571 3029 612 3067 nen
622 3015 744 3086 έπεμψε,
760 3019 838 3084 eJ'usse
853 3033 925 3084 gran

181 3113 187 3124 ·
320 3099 327 3107 “
371 3131 375 3140 ,
451 3095 455 3099 ’
529 3129 533 3137 =
780 3131 784 3142 ·
809 3133 814 3140 ·
855 3103 921 3165 popug
