2140 3640
168 247 221 296 nt·
431 237 660 310 T.L·1v11

167 341 260 380 tarent.
296 333 331 383 Ea
344 347 374 383 ne
386 331 482 394 fierent,
498 349 547 382 neu
559 335 650 396 legatio
662 333 804 382 mitteretur
823 332 854 382 ad
867 333 922 384 Pue'-
944 339 948 348 '

171 422 240 468 num,
258 407 352 460 summa
365 426 413 478 ope
426 412 517 460 Decius
531 411 637 475 Magius,
656 411 696 459 vir
708 411 748 458 cui
757 409 788 460 ad
801 410 927 460 summam

167 482 341 534 austoritatem
355 487 424 548 nibil,
443 499 531 552 praeter
544 486 625 534 sanam
637 487 734 534 civium
745 497 861 547 mentem,
879 486 922 534 cie·—

168 557 226 620 suit,
244 562 372 612 restiterat.
393 575 419 612 ut
431 568 493 612 verb
509 563 643 630 praesidium
657 564 722 611 mitti
734 565 766 611 ab
779 562 926 612 Hannibale*

166 637 276 703 audivit,
295 643 384 706 Pyrrhi
408 639 539 707 superbam
558 637 770 704 nominationem,
794 639 923 690 miserabi-

168 716 267 782 lemque
287 719 484 768 Tarentinorum
504 718 656 780 servitutem,
675 721 788 786 exempla
805 719 922 781 reserens,
944 743 949 758 ι

169 797 260 863 prima,
278 812 309 846 ne
328 799 480 864 reciperetur
499 795 644 863 praesidium,
666 798 749 862 palam
768 796 923 847 vociferatus

169 874 219 924 eli:
237 875 334 938 deinde,
351 888 380 926 ut
391 887 518 942 receptum
528 885 571 924 aut
583 875 722 938 ejiceretur,
737 886 788 938 aut,
801 875 817 924 st
827 877 922 924 malum

168 952 273 1014 sacinut,
291 955 358 1020 quud
375 962 391 1004 a
408 953 571 1004 vetustissimis
593 953 666 1003 sociis
684 953 924 1028 consanguineisque

168 1028 321 1093 defecissent,
340 1031 400 1082 sorti
411 1047 440 1080 ac
455 1029 610 1080 memorabili
622 1029 733 1079 facinore
745 1041 850 1097 purgare
866 1029 920 1080 tel·-

171 1107 233 1169 ient‚
250 1119 287 1171 ut,
305 1109 435 1160 interserto
458 1109 553 1158 Punico
571 1099 695 1174 prestiio,
722 1108 874 1158 restituerent
894 1105 921 1158 se

171 1187 300 1237 Romanis.
325 1189 384 1236 Haec
396 1189 486 1251 (neque
497 1187 565 1234 enim
576 1181 673 1235 occulti
684 1185 830 1250 agebantur)
842 1199 920 1250 quum
972 1178 980 1186 ’

170 1264 248 1314 relata
261 1265 394 1314 Hannibali
406 1265 488 1326 essent,
500 1266 583 1332 primb
591 1263 664 1328 utilit,
681 1265 724 1330 qni
732 1273 852 1314 vocarent
862 1267 921 1312 Ma·

170 1341 241 1404 gium
252 1340 283 1388 ad
296 1339 349 1389 sese
362 1343 388 1389 in
401 1342 493 1396 castrac
512 1340 608 1402 deinde,
626 1355 704 1406 quum
715 1341 735 1389 is
746 1339 861 1390 feraciter
875 1355 922 1387 nc·
988 1342 993 1346 ’

168 1415 244 1480 gilset
261 1417 285 1466 se
305 1419 405 1482 iturum,
423 1419 477 1480 (nec
495 1419 562 1468 enlm
581 1417 713 1467 Hannibali
724 1418 828 1482 juacsse
845 1418 870 1466 in
885 1417 921 1467 ci·

170 1509 231 1543 netu
243 1499 408 1562 Campanum)
426 1497 563 1546 concitatus
582 1497 617 1546 ira
633 1485 727 1559 Poenus,
745 1495 923 1562 comprehendi

169 1572 308 1634 homiuem,
325 1573 488 1640 vintiumqu‘e
499 1575 589 1624 attrahi
602 1573 633 1624 ati
645 1573 669 1622 se
680 1574 755 1638 jussit.
773 1573 867 1623 veritus
878 1573 923 1622 de·

168 1648 238 1713 inde,
254 1665 285 1699 ne
297 1651 356 1716 quid
368 1652 433 1700 inter
442 1651 496 1700 vim
508 1651 635 1718 tumultur,
652 1661 726 1716 atque
741 1664 773 1700 ex
788 1649 922 1723 concitantia

168 1741 218 1778 oue
228 1729 368 1791 aniumrum
377 1729 508 1781 inconsulti
519 1730 659 1781 certaminis
668 1729 782 1794 oriretur,
792 1727 851 1796 ipse,
858 1743 921 1796 prte-

169 1803 243 1858 milso
254 1807 352 1859 ntuicin
367 1807 397 1858 ad
414 1809 526 1858 Matium
543 1807 649 1858 Blesum
667 1817 796 1875 pretorem
813 1809 921 1872 Campa·

169 1897 242 1948 nuru,
259 1887 356 1952 peslero
377 1887 417 1937 tlie
437 1887 463 1937 se
483 1887 577 1954 Capuae'
590 1885 709 1948 futurum,
728 1881 923 1952 proficiscitur&

172 1960 253 2012 eastris
265 1979 323 2014 cum
334 1964 436 2015 modico
449 1963 568 2032 ptaefidio.
603 1963 698 2012 Marius
710 1959 831 2011 cuncione
841 1960 922 2012 advo·
982 2020 985 2024 .

169 2041 231 2092 eati.
242 2040 325 2106 edicit,
341 2053 371 2092 ut
390 2042 530 2110 frequentes
547 2057 604 2096 cum
624 2040 773 2106 conjugibus
792 2055 821 2090 ac
838 2039 922 2092 liberie

171 2115 277 2168 obviam
295 2121 358 2168 irent
370 2117 513 2170 Hannibali.
550 2117 591 2169 Ab
607 2117 726 2167 universe
735 2116 762 2166 id
772 2133 823 2168 nan
836 2117 922 2168 obedi·-

169 2207 239 2246 enter
256 2197 341 2260 modu,
359 2197 400 2246 setl
418 2199 492 2261 enine,
509 2197 599 2248 favore
617 2199 691 2246 etiam
709 2196 789 2261 tulgi,
806 2195 831 2245 ἃ
843 2195 926 2247 sludiu

170 2269 267 2322 visendi
286 2275 325 2324 iot
334 2275 387 2338 jam
400 2275 512 2325 vilioriia
523 2277 617 2324 clarum
629 2275 812 2340 imperatorem,
830 2273 922 2322 salium
942 2283 944 2292 ’

171 2351 214 2400 est.
250 2353 341 2402 Decius
351 2354 451 2418 Magius
463 2369 508 2405 nec
518 2353 620 2405 obviam
633 2352 739 2417 egressus
747 2353 788 2416 eli,
805 2367 858 2416 uec,
870 2367 925 2418 quo
938 2383 943 2393 ι

170 2427 289 2481 timorem
298 2430 407 2495 aliquem
418 2447 450 2481 ex
461 2431 611 2482 conscientia
622 2429 760 2494 significare
772 2429 856 2497 posset,
873 2429 924 2495 pri·-
944 2441 948 2450 ·

172 2507 251 2556 vatim
263 2497 293 2556 se‘
299 2511 392 2558 tenuit:
411 2511 436 2560 in
445 2509 503 2560 soro
515 2525 571 2559 curn
580 2508 636 2560 filio
648 2507 826 2574 clientibusque
838 2507 922 2575 paucis

171 2584 253 2634 otiose
264 2581 439 2650 inambulavit,
456 2587 595 2654 trepidante
607 2587 661 2635 tuta
672 2586 775 2636 civitate
786 2585 816 2638 ad
826 2584 922 2651 excipi⁴

172 2663 264 2714 endum
277 2665 378 2715 Ptenum
391 2667 579 2732 visendumque.
602 2667 735 2726 Hannibal,
753 2661 870 2730 ingressus
880 2677 923 2713 ur-

173 2741 238 2802 bern,
257 2741 367 2794 senatum
380 2745 508 2811 extemplo
520 2745 633 2812 postulat,
649 2741 854 2811 ,precantibusque
866 2741 926 2792 inde

174 2821 325 2888 primoribus
335 2826 529 2892 Campanorum,
547 2837 578 2874 ne
589 2821 647 2890 quid
656 2839 689 2873 eo
699 2821 740 2870 die
754 2819 821 2872 seriae
833 2820 870 2870 rei·
880 2833 923 2884 ge·

174 2909 247 2962 reret,
264 2899 377 2966 diemque
392 2897 420 2951 u‘t
435 2899 486 2967 ipse
499 2899 610 2950 adventu
623 2899 667 2949 suo
679 2899 766 2948 festum
778 2899 884 2948 laettrsac
893 2897 923 2945 li·

171 2973 236 3026 betu
253 2975 402 3040 celebrarem
419 2991 558 3045 quanquam
576 2989 684 3045 preceps
700 2973 803 3042 ingenio
820 2975 846 3024 in
859 2973 924 3020 iram

861 3057 926 3114 crae
