2076 3612
377 201 403 252 L
418 201 432 252 1
449 201 468 251 B
486 199 507 251 Ε
524 200 548 250 R
579 197 630 252 lx.
842 211 875 263 57

114 287 214 352 missum
227 289 260 342 de
272 291 390 343 Hernicis
400 300 471 342 crat:
489 289 557 356 isque
569 306 624 340 eam
636 285 733 356 gentem
745 287 773 340 sn
783 285 876 339 dediti-

116 385 194 420 onem
205 372 316 437 accepit¹
351 372 385 418 Et
396 369 423 418 in
435 371 534 420 Samnio
545 369 606 418 alter
617 365 702 418 consul
713 367 825 434 superior
833 367 874 416 vi·

117 449 194 512 ribus,
210 449 276 498 locis
297 446 441 514 impeditior
457 457 518 497 erat.
554 446 645 496 Omnia
661 445 750 496 itinere
760 441 874 512 obsepsc·

117 539 174 577 rant
190 527 285 590 nosses,
305 525 429 592 saltusque
449 526 550 592 pervios
566 534 689 591 ceperant,
705 537 737 572 ne
750 522 799 590 qus
814 521 873 572 sub·

118 607 180 655 vehi
198 615 358 656 commeatus
378 602 488 671 possent:
505 615 586 668 neque
605 617 656 666 eos,
672 615 750 668 quum
761 600 873 666 quotidie

120 683 186 748 sgna
203 687 230 735 in
248 685 332 734 aciem
353 683 437 734 consul
455 681 583 751 proferret,
600 682 688 731 elicere
706 680 873 730 adcertamen

116 772 233 830 poterat:
256 759 367 827 satisque
385 761 527 828 apparebat,
543 774 623 825 neque
643 759 776 808 samnitem
792 767 872 808 certa·

117 855 176 892 men
189 841 303 907 praesens,
316 855 363 889 nec
375 843 514 890 Romanum
526 837 671 888 dilationem
682 836 740 886 belli
752 837 873 887 lanarum.

118 918 253 968 Adventus
270 919 372 984 Marcii,
398 918 450 983 qui,
473 917 586 967 Hernicis
607 914 874 979 subsannamus

117 998 224 1061 college
233 998 321 1046 venire
334 997 440 1060 auxilio,
457 1009 554 1045 moram
574 995 714 1044 certaminis
731 993 794 1044 nolli
810 1007 872 1042 exe·

85 1069 89 1076 '
119 1076 181 1124 mit.
200 1089 268 1137 nam,
284 1085 312 1124 ut
322 1077 364 1140 qui
375 1089 407 1126 ne
420 1075 492 1123 alteri
504 1072 603 1139 quidem
611 1073 733 1123 exercitui
742 1069 766 1120 sc
776 1071 809 1121 ad
820 1085 874 1120 cer·

121 1161 210 1200 tamen
226 1151 377 1216 credidissent
394 1165 473 1219 pares,
491 1149 611 1213 conjungi
629 1151 716 1214 utique
734 1147 793 1216 paffi
810 1147 874 1199 duoe

119 1227 263 1278 consideres
272 1231 395 1279 exercitus
409 1229 473 1278 nihil
484 1226 610 1276 crederent
622 1223 741 1293 superesse
752 1225 812 1294 spei,
828 1225 873 1276 ad·

117 1303 265 1352 venientem
286 1304 454 1370 incomposito
471 1302 569 1366 agmine
588 1303 712 1350 Marcium
723 1299 874 1365 aggrediun.

117 1389 168 1430 mr.
205 1383 308 1447 Raptim
329 1383 425 1432 collatae
443 1380 543 1430 sarcinae
560 1379 586 1428 in
603 1379 727 1441 medium
744 1379 778 1444 dr,
795 1389 872 1448 prout

117 1467 218 1524 ternpus
237 1459 388 1525 patiebatur,
406 1456 519 1508 insitusia
537 1458 609 1506 acies.
646 1458 747 1508 Clamor
760 1459 872 1525 primum

116 1536 143 1584 in
155 1536 250 1584 stativa
261 1537 378 1604 periatur,
394 1535 452 1585 dein
464 1534 605 1601 conspesius
619 1535 705 1600 procul
722 1536 812 1602 pulvis,
829 1547 872 1584 tu·

115 1614 227 1662 multum
239 1614 306 1680 apud
317 1615 422 1663 alterum
431 1611 559 1664 consulem
570 1615 596 1662 in
611 1613 691 1664 casinis
706 1613 773 1664 iecit.
792 1613 872 1680 isque,

116 1691 249 1742 confestim
260 1709 331 1742 anna
351 1707 438 1759 capere
455 1691 529 1755 juliis,
544 1692 686 1759 raptimque
701 1691 793 1742 eduliis
804 1694 830 1743 in
842 1709 872 1743 a·

115 1771 183 1818 ciem
193 1770 326 1834 militibus,
345 1769 507 1820 transversam
517 1771 621 1820 hosium
632 1771 720 1836 aciem,
737 1782 811 1838 atque
818 1771 871 1822 alio

115 1848 252 1898 certamine
263 1860 420 1915 occupatam,
433 1847 544 1908 invadit;
556 1849 695 1911 clamitans,
702 1851 813 1912 summum
822 1851 871 1912 fla·
886 1911 890 1916 Ι

111 1927 265 1993 gitiumsore,
280 1925 302 1993 fi
310 1927 406 1976 ndmm
423 1928 538 1976 exercitum
556 1924 662 1990 utriusque
673 1925 769 1974 victoria
785 1933 872 1993 compn-
927 1969 932 1974 .

116 2009 161 2050 rem
167 2001 266 2065 sinerent
271 2003 334 2066 fieri,
350 2017 388 2052 nec
398 2003 427 2051 ad
430 2005 457 2069 se
461 2003 499 2068 firi
510 2001 559 2050 sessi
569 2001 704 2050 vindicarent
714 1999 784 2048 secur.
814 2006 873 2066 Qua

117 2079 238 2145 impeturn
259 2079 368 2144 dederat,
385 2079 539 2147 perrumpit3
555 2079 684 2144 aciemque
703 2091 748 2145 per
764 2077 873 2132 mediam

116 2156 143 2206 in
156 2157 233 2207 casira
252 2159 361 2208 hostium
381 2159 469 2222 tendit,
486 2159 511 2208 dr
522 2172 602 2207 vacua
614 2155 783 2208 defensoribus
803 2159 873 2225 capit'

118 2244 193 2299 atquc
211 2235 333 2286 incendit.
369 2239 433 2300 Quae
449 2235 493 2285 ubi
503 2236 631 2301 flagrantia
641 2236 783 2286 Marcianus
799 2237 871 2288 miles

118 2311 258 2377 conspexit,
277 2313 302 2362 dc
315 2313 394 2362 hostes
406 2311 545 2380 respexere,
558 2321 610 2362 tum
622 2313 706 2380 passim
718 2313 778 2378 suga
789 2327 871 2384 coepta

117 2391 268 2439 Samnitium
281 2389 344 2439 sieri.
363 2389 404 2439 sed
418 2391 503 2440 omnia
521 2389 618 2440 obtinet
629 2393 713 2455 caedes,
730 2393 814 2442 necin
829 2395 870 2444 nl-¹¹

117 2465 168 2515 lam
180 2479 276 2534 partem
288 2478 372 2520 tutum
388 2467 528 2534 perfugium
539 2468 583 2516 eii.
617 2471 682 2532 Jam,
699 2471 801 2533 triginta
812 2473 871 2522 mil-'

119 2542 183 2612 libus
202 2544 310 2594 hoslium
329 2545 401 2608 eaelis,
418 2545 513 2609 sgnum
533 2548 644 2612 receptui
664 2548 775 2599 consules
794 2549 870 2602 dede-¹

119 2631 183 2686 rant,
200 2625 401 2690 colligebantque
418 2625 444 2676 in
461 2639 538 2675 unum
557 2626 693 2692 copias,·in
704 2627 786 2680 vicem
804 2630 870 2682 inter

112 2699 142 2749 'sc
154 2711 296 2763 gratantes:
312 2718 391 2769 quum
402 2707 501 2769 repente
511 2702 571 2774 vise
581 2703 668 2769 procul
680 2704 784 2756 hoslium
794 2724 870 2761 novae

119 2778 241 2844 cohortes,
260 2795 317 2846 quae
330 2783 357 2830 in
368 2780 565 2848 supplementum
576 2779 787 2850 scripraisuerant,
804 2788 870 2838 inte*

121 2867 224 2917 gravere
243 2859 346 2910 cedem.
365 2860 390 2906 in
407 2873 474 2924 quas,
491 2873 536 2910 nec
552 2858 616 2922 jussu
628 2849 763 2926 confusum,
781 2866 869 2916 necsr-

121 2943 172 2995 gno
182 2949 293 3004 accepto,
311 2935 418 2988 visloree
430 2937 524 2986 vadunt
534 2955 540 2996 ;
557 2938 614 2987 malo
628 2940 725 2990 tirocinia
734 2941 870 2992 imbuendum

120 3009 250 3084 Samnitem,
269 3015 433 3072 clamitantes.
468 3014 601 3153 lngulpeut
611 3017 721 3070 consides
742 3018 870 3160 legaippprtp
903 3007 905 3015 '
