2126 3642
180 209 232 270 '3³0
439 206 670 260 T.L1V11

178 294 325 361 militassent,
342 293 431 362 quibus
442 311 522 366 neque
534 299 635 350 vacatio
647 296 712 362 justa
723 296 829 362 militia,
846 313 935 368 neque

177 376 280 426 morbus
290 375 362 426 causa
374 375 474 432 suisset.
499 378 531 426 Et
548 392 578 426 ea
595 376 669 444 supra
685 377 737 428 duo
754 379 833 428 millia
845 381 934 431 nonti-

176 466 237 504 num
249 453 275 504 in
286 456 384 504 aerarios
395 455 602 521 relata‚tribuquc
609 457 695 506 brunes
706 459 778 506 nanti.
791 457 934 508 Additum·

177 543 226 594 que
244 530 317 578 inerti
335 530 452 580 censoria
469 541 535 582 nota
546 530 611 580 triste
628 529 882 584 senatusconsultum:
901 543 934 586 ut

177 605 197 656 ii
212 621 306 669 omnes,
323 624 385 674 qnos
403 609 516 658 censores
532 606 661 672 notdsl'ent,
678 609 781 675 pedibus
797 622 935 676 mererent,

178 684 384 752 mitterenturque
400 688 426 738 in
440 687 547 738 Siciliam
564 685 596 736 ad
609 686 740 738 Cannensis
754 689 880 740 exercitiis
891 703 933 739 re·

136 819 138 826 ,
178 761 275 828 liqnias,
292 765 333 814 cui
344 765 452 816 militnm
471 765 556 830 generi
567 779 618 828 non
630 765 707 832 prins,
723 771 797 832 quam
808 767 894 834 pulsus
906 769 934 818 1·

177 840 238 890 ralia
258 841 331 892 hostis
348 841 414 906 esset,
432 841 729 908 finitumslipendlorum
747 853 845 910 tempus
865 853 932 894 crat.

146 933 149 937 ·
179 919 267 981 Quum
277 917 397 984 censores,
415 922 470 972 ob'
464 921 574 989 inopiam
587 918 674 982 ararii,
692 917 740 968 se'
730 935 783 983 parri
794 921 932 972 locationi·

146 1030 152 1040 κ
177 995 224 1068 but
235 995 381 1048 abstinerent
392 998 480 1050 adium
491 999 615 1048 sacrarrun
626 995 782 1061 tuendarum,
791 1000 932 1050 natalium·

177 1090 227 1142 que
245 1089 367 1141 equorum
383 1076 581 1144 praberrdorurn,
598 1067 627 1125 ab
644 1073 760 1126 similium
772 1075 823 1125 his
826 1091 931 1138 rernm,

179 1167 321 1203 convenere
332 1152 364 1204 ad
382 1167 425 1204 eos
439 1152 587 1218 trequentes,
604 1152 648 1216 qni
666 1151 738 1202 natta
749 1151 821 1214 hujus
832 1154 933 1216 generis

178 1228 348 1282 assueverant:
367 1232 507 1296 honorique
518 1228 638 1293 censores,
655 1239 684 1283 ut
693 1231 778 1282 omnia
789 1231 892 1296 perinde
901 1247 933 1282 a·

178 1319 274 1372 gerent,
291 1308 410 1372 locarent,
428 1308 485 1358 acfi
501 1310 607 1376 pecunia
617 1309 643 1358 in
655 1308 742 1358 aerario
752 1307 819 1358 esstrt.
840 1309 933 1360 Nemi-

179 1399 246 1450 nem,
264 1386 308 1434 nisi
320 1385 385 1436 bello
397 1385 520 1450 consede,
538 1387 669 1454 pecuniam
684 1387 716 1436 ab
733 1387 820 1444 erario
836 1388 935 1454 peritu-

178 1475 238 1516 rum
248 1461 304 1512 elle.
330 1467 476 1516 Convenere
488 1464 576 1515 deinde
585 1464 683 1516 domini
695 1465 791 1526 eornm,
808 1479 872 1532 quos
884 1465 934 1516 Ti.

178 1539 338 1606 Sempronius
355 1541 387 1588 ad
405 1543 575 1592 Beneventum
593 1555 669 1592 manu
685 1539 816 1592 emiserat:
835 1539 934 1592 arcelli-

180 1611 267 1678 tosque
279 1613 303 1663 se
312 1613 343 1664 ab
355 1615 493 1666 triumviris
501 1613 629 1668 mensariis
639 1613 687 1665 esse
698 1615 824 1679 dixerunt,
836 1625 865 1664 nt
874 1629 933 1682 pre-

179 1691 215 1740 tia
226 1688 354 1742 servorum
366 1689 515 1760 acciperent.
532 1698 644 1744 ceterum
652 1707 703 1742 non
711 1694 779 1753 ante,
791 1696 864 1757 qndnr
876 1691 932 1742 bel-

180 1767 207 1819 lo
219 1761 342 1832 conseslo,
360 1780 506 1837 accepturos
516 1768 572 1820 esse.
599 1773 686 1832 Quum
696 1769 749 1818 haec
761 1769 891 1824 inclinatio
902 1783 932 1818 a·

180 1845 307 1896 nimorum
321 1846 398 1910 plebis
409 1847 441 1898 ad
453 1847 617 1900 sustinendam
628 1847 739 1912 inopiam
751 1846 832 1896 :rarii
840 1844 932 1908 fiereta

181 1923 292 1990 pecuniae
304 1939 408 1990 quoque
426 1926 558 1992 pupillares
575 1923 664 1991 primo,
682 1921 770 1972 deinde
786 1921 932 1988 viduarum,
1030 1955 1033 1960 -

75 2057 80 2060 ,
156 2009 159 2018 “
177 2011 268 2070 coeptae
280 2001 404 2054 conferri:
417 2003 538 2070 nusquam
550 2001 678 2052 castutius
689 1999 841 2067 senatusque
851 1999 934 2068 depo

180 2091 242 2148 nere
252 2079 416 2145 credentibus,
433 2082 475 2148 qui
493 2079 644 2142 deserebant,
662 2078 759 2142 quant'
752 2093 778 2126 an
789 2075 935 2144 publicati-

182 2155 223 2206 de.
241 2155 305 2217 inde,
321 2157 411 2227 siquid
429 2169 542 2225 emptum
559 2167 722 2224 paratumque
734 2154 833 2221 pupillis
849 2170 879 2207 ac
890 2155 935 2206 vi·

183 2232 238 2282 duis
250 2231 324 2296 soret,
334 2239 349 2282 a
360 2234 477 2298 quaestnre
489 2235 694 2303 perscribebatur.
712 2233 829 2282 Manavit
839 2248 868 2282 ea
880 2233 934 2300 pti*

182 2320 301 2360 vatorum
310 2310 449 2374 benignitas
464 2328 497 2362 ex
510 2312 572 2362 urbe
581 2311 656 2362 etiam
665 2309 691 2359 in
703 2309 787 2374 casira,
804 2319 893 2360 utnon
905 2325 934 2360 e.

183 2401 252 2454 ques,
269 2403 319 2436 non
331 2390 444 2439 centurio
456 2389 602 2457 stipendium
618 2387 767 2452 acciperent,
783 2387 941 2438 mercenari··
999 2425 1001 2434 .

184 2474 275 2530 umque
287 2465 440 2530 increpantes
452 2476 581 2529 vocarent,
599 2464 641 2530 qui
654 2459 791 2529 accepisset.

219 2545 294 2592 XIX.
313 2545 346 2605 Q.
363 2542 454 2593 Fabius
471 2542 605 2594 consulari
619 2540 751 2591 Casilinum
769 2539 845 2592 castra
855 2539 933 2606 habe7

111 2639 115 2642 ·
185 2619 238 2681 bat,
256 2617 323 2682 quod
335 2618 412 2668 dulim
428 2621 534 2670 millium
547 2617 740 2688 Campanorum,
758 2619 782 2668 ἃ
794 2617 934 2688 septingen-

186 2706 270 2748 torum
282 2695 388 2744 militurn
402 2697 546 2746 Hannibalis
557 2696 688 2746 tenebatur
702 2693 821 2761 praesidio.
856 2700 936 2748 Praee-

186 2784 226 2836 rat
237 2774 327 2822 Statius
339 2774 438 2836 Metius,
448 2773 529 2824 missus
540 2775 572 2825 ab
586 2778 633 2824 Cn.
645 2773 734 2836 Magio
747 2771 877 2821 Atellano:
890 2774 934 2838 qui

186 2865 220 2900 eo
231 2864 297 2898 anno
310 2848 490 2900 Medixtuticus
498 2861 559 2914 crat,
577 2850 727 2912 servitiaque
736 2847 760 2895 dc
770 2847 867 2912 plebem
875 2863 936 2914 pro·

186 2927 279 2980 miscus
290 2927 410 2988 armabat,
427 2939 456 2977 nt
463 2928 541 2980 castra
556 2931 669 2978 Romana
682 2922 821 2986 invaderet,
838 2924 935 2978 intento

185 3003 288 3062 consue
299 3001 331 3056 ad
342 3002 474 3060 Catilinam
486 3001 690 3076 oppugnandum.
708 2999 780 3053 Nihil
790 3014 889 3126 corenla)
888 3003 935 3054 Fa·
950 3028 953 3033 -

331 3115 335 3118 -
880 3088 933 3128 lum
