2076 3612
179 257 215 320 gc
433 255 681 305 nn1V11·

180 343 241 407 sent,
258 341 344 394 omlsso
363 341 395 393 ad
411 344 486 394 casira
506 345 601 408 itinere,
619 355 715 396 montes
732 353 828 412 petunt.
864 346 930 400 Inde

180 421 269 468 inermi
287 424 347 486 pene
364 422 462 484 agmine
476 438 505 472 ac
517 431 611 470 vexato
628 421 772 470 vulneribus
792 424 818 470 in
840 422 929 473 silvam

181 498 313 546 Ciminiam
326 509 490 564 penetratum.
524 501 661 559 Romanus,
679 497 763 546 multis
772 499 881 546 millibus
894 503 928 547 E-

178 572 317 624 truscorum
337 575 408 636 casn,
425 573 669 640 duodequadraginta
686 573 759 639 signis
777 575 928 624 militaribus

179 653 266 718 captis,
284 652 365 702 castris
375 653 450 701 etiam
464 653 573 702 hostium
589 667 646 700 cum
659 653 740 718 praeda
752 654 847 718 ingenti
858 655 929 720 poti·

106 733 109 740 '
180 739 229 780 tur.
266 733 333 778 Tum
345 730 375 780 de
387 729 555 796 persequendo
568 729 635 778 hoste
646 730 735 794 agitari
747 741 863 796 coeptum.

213 809 338 856 XXXVI.
356 807 423 856 Silva
434 818 486 856 erat
496 805 604 855 Ciminia
613 807 691 870 magis
704 816 756 856 tum
769 806 839 854 invia
850 815 927 872 atque
1001 843 1007 848 .

178 883 310 948 horrenda,
327 889 401 948 quam
418 899 496 950 nuper
512 883 580 932 suere
601 883 744 932 Germanici
756 882 837 947 saltus,
864 885 930 934 nulli

179 961 211 1010 ad
223 978 277 1010 earn
289 962 355 1012 diem
366 977 396 1010 ne
405 973 570 1012 mercatorum
582 960 680 1026 quidem
692 960 767 1009 adita.
784 977 839 1020 cam
853 946 929 1010 intrit-

178 1049 206 1090 τε
224 1039 288 1090 haud
309 1040 357 1090 seri:
378 1039 516 1106 quisquam,
534 1049 620 1106 prater
637 1039 724 1094 ducem
732 1037 831 1105 ⁴ipsum,
850 1039 927 1088 audc-

179 1117 231 1167 bat.
250 1118 303 1167 aliis
322 1119 437 1168 omnibus
457 1117 532 1166 cladis
548 1116 664 1167 Caudina
680 1115 791 1184 nondum
802 1119 928 1166 memoria

144 1213 152 1218 ’
177 1197 331 1246 aboleverat.
367 1199 435 1244 Tum
454 1210 486 1242 ex
504 1195 542 1256 iis,
560 1195 602 1258 qui
617 1193 727 1258 aderant,
747 1193 860 1256 (consulis
874 1195 926 1244 fra·

179 1285 242 1323 trem
255 1277 292 1322 M.
306 1264 420 1333 Fabiumj
431 1271 560 1320 Kaesonem
574 1272 624 1335 alii,
642 1275 672 1320 C.
683 1271 813 1320 Claudium
824 1271 927 1336 quidam

177 1362 256 1400 matre
268 1351 361 1414 eidem,
379 1352 426 1417 qua
440 1351 572 1414 consulem,
584 1352 696 1416 genitum
713 1351 820 1413 tradunt)
838 1350 926 1418 specu·
955 1355 957 1358 ’
1031 1371 1032 1384 ¹

176 1427 255 1476 latum
271 1427 295 1476 se
307 1428 398 1476 iturum
410 1425 536 1493 professus,
553 1427 675 1492 brevique
686 1429 771 1477 omnia
783 1439 848 1478 certa
866 1429 926 1476 alla-

175 1514 268 1552 turum.
304 1507 372 1552 Care
390 1503 506 1553 educatus
522 1503 588 1570 apud
605 1504 721 1570 hospites,
738 1502 846 1552 Etruscis
867 1503 925 1554 inde

176 1581 252 1630 literis
272 1581 380 1632 eruditus
395 1593 455 1644 erat,
472 1581 631 1648 linguamque
650 1581 777 1630 Etruscam
789 1582 867 1648 probe
877 1599 924 1632 no·

177 1671 258 1711 vetat.
293 1660 380 1710 Habeo
391 1648 509 1722 austures,
527 1662 605 1725 vulgo
617 1671 670 1712 tum
683 1664 810 1710 Romanos
822 1677 926 1726 pucros,

175 1739 237 1790 sicut
257 1754 322 1788 nunc
344 1741 444 1803 Graecis,
462 1741 496 1790 ita
509 1742 615 1790 Etruscis
636 1742 711 1791 literis
723 1740 814 1788 crudiri
826 1743 923 1792 solitos.

176 1817 223 1868 Sed
234 1818 334 1884 propius
346 1819 378 1868 esl
398 1835 468 1887 vero,
486 1820 638 1889 praecipuum
649 1819 742 1886 aliquid
758 1817 827 1868 luisse
844 1820 870 1866 in
882 1835 923 1886 co,

177 1898 221 1960 qui
239 1895 262 1944 se
283 1907 333 1946 tarn
351 1899 438 1948 audaci
455 1898 609 1949 simulatione
627 1901 735 1950 hostibus
753 1897 923 1948 immiscuerit.

176 1973 261 2024 servus
276 1977 298 2024 ei
313 1976 403 2028 dicitur
420 1994 502 2028 comes
514 1995 576 2028 unus
593 1979 673 2042 suiise,·
688 1980 794 2028 nutriens
805 1983 862 2038 una,
880 1993 923 2026 eo-

173 2068 224 2118 que
242 2053 307 2104 hand
325 2057 423 2118 ignarus
435 2056 523 2118 linguae
536 2054 659 2116 ejusdcm:
677 2069 723 2101 nec
735 2056 867 2116 quicquam
877 2055 925 2102 ali·

144 2132 149 2144 ’
174 2129 211 2179 ud
229 2131 419 2196 proficiscentes,
437 2136 508 2192 quam
526 2129 666 2176 summatim
681 2128 796 2189 regionis,
814 2143 868 2190 quae
883 2131 922 2176 in-

175 2207 262 2258 tranda
274 2218 333 2270 erat,
351 2218 463 2255 naturam
475 2222 503 2253 ac
515 2206 615 2254 nomina
626 2204 765 2270 principum
783 2203 809 2251 in
824 2205 923 2270 populis

175 2299 307 2350 accepere;
325 2298 355 2332 ne
370 2284 418 2348 qua
431 2283 495 2330 inter
507 2281 631 2346 colloquia
641 2279 727 2344 insigni
739 2282 798 2330 noth
809 2282 921 2333 haesitan-

173 2372 211 2419 tes
219 2358 366 2426 deprehendi
381 2357 484 2424 possent.
519 2361 573 2406 lere
583 2357 694 2422 pastorali
707 2357 812 2420 habitus
822 2360 921 2424 agresti·-

172 2439 219 2489 bus
236 2438 297 2501 telis,
314 2437 417 2486 falcibus
432 2435 545 2501 gaesrsque
563 2435 625 2484 binis
644 2437 741 2484 armati.
778 2437 822 2486 Sed
840 2455 920 2503 neque

173 2515 350 2576 commercium
370 2516 467 2579 linguae,
487 2530 533 2563 nec
553 2515 625 2564 vellis
644 2531 803 2570 annorumve
823 2518 922 2568 habitus

173 2592 206 2642 fic
218 2607 259 2641 cos
272 2593 343 2654 texit,
356 2599 430 2658 qu‘am
442 2592 510 2658 qubd
522 2593 671 2643 abhorrebat
682 2599 696 2643 a
707 2593 762 2658 fide,
775 2611 922 2662 quemquam

170 2680 305 2718 externum
325 2671 446 2720 Ciminios
459 2670 531 2720 saltus
549 2672 707 2722 intraturum.
741 2675 823 2740 Usque
834 2675 864 2724 ad
875 2679 922 2725 Ca·

172 2757 261 2796 martes
270 2748 376 2797 Umbros
385 2749 518 2816 pcnetriril'e
530 2749 654 2800 dicuntur.
674 2751 717 2814 ibi,
736 2754 778 2816 qui
790 2751 871 2816 cllcnt,
884 2753 921 2802 fa-

174 2827 220 2894 teri
241 2829 379 2876 Romanum
398 2829 502 2878 ausum:
531 2829 746 2896 introductumque
766 2830 792 2878 in
811 2827 924 2880 senatum

172 2901 279 2970 consulis
296 2905 378 2956 verbis
398 2905 469 2968 egisse
481 2905 511 2956 de
527 2906 644 2958 societate
656 2907 828 2970 amicitiaque:
848 2918 929 2972 atque¹

175 2981 232 3034 inde
247 2984 313 3032 comi
331 2985 441 3051 hospitio
459 2998 597 3054 acceptum,
615 2987 731 3036 nunciare
743 2987 861 3036 Romanis
870 2986 928 3060 jus-¹

145 3135 146 3141 ἵ
171 3057 235 3128 sum,
253 3075 420 3116 commeatum
431 3065 554 3136 exercitui
565 3067 661 3136 dicrum
673 3065 773 3132 triginta
785 3065 870 3136 praetto
880 3064 921 3132 f0‘.

243 3169 246 3176 ι
885 3157 921 3210 re,
