2058 3642
330 206 421 256 nro
438 204 499 255 nn
531 204 650 256 xxvtt.
777 177 779 181 ’
816 207 868 262 547

120 296 197 347 eastra
209 295 299 347 collata
311 297 422 360 haberet,
439 297 574 359 ignoraret.
595 290 723 344 -Prosetto
735 291 801 342 haud
819 307 878 342 me*

121 375 203 425 diocri
221 373 290 424 clade
307 374 462 424 absterritum
481 373 576 437 insequi
587 387 639 422 non
654 369 751 421 ausum.
767 385 877 434 vmagno-

122 467 183 517 pere
195 451 287 514 vereri,
304 467 334 500 ne
346 452 446 518 perditis
459 452 531 500 rebus
543 448 622 500 serum
634 447 685 514 ipse
697 449 820 500 auxilium
833 460 877 496 ve·

124 527 213 578 nisset:
232 530 401 596 Romanisque
416 528 560 591 eademjatn
571 527 674 577 suntuna
685 527 712 577 in
724 527 805 588 Italia,
823 537 879 590 qun

122 604 150 654 in
169 603 297 670 Hispania,
314 605 381 655 esset.
399 605 531 667 interdum,
549 602 697 664 literaesuas
712 601 813 652 adeum
824 615 879 652 nott

122 680 270 747 pervenisse,
289 685 402 734 credere:
428 681 618 748 interceptisque
640 680 678 743 iis,
699 678 826 730 consulem
845 675 879 728 ad

122 758 174 809 sese
185 755 377 826 opprImendum
392 760 539 812 accelerasse
577 760 623 808 His
633 758 722 808 anxius
735 759 811 818 curis,
827 769 879 805 ert-

121 835 214 885 siitriiit
227 838 334 903 ignibus,
352 839 438 903 vigilia
452 839 531 904 primi
543 837 602 886 dato
614 835 691 900 signo,
709 846 738 883 ut
749 833 820 884 taciti
832 847 878 882 vav

120 912 151 972 sa;
160 913 314 978 colligerent,
333 915 400 979 signa
412 905 471 964 serni
481 914 556 977 jussit.
576 917 605 962 In
617 912 785 979 trepidatione
797 913 880 960 &no-

121 991 209 1042 Iiurno
222 996 330 1045 tumultu
343 994 416 1044 duces
429 1006 516 1060 parurn
528 993 622 1042 intente
633 991 758 1054 asl'ervati,
776 990 837 1040 aiter
849 990 877 1040 iu

121 1071 247 1128 destinatis
263 1073 315 1136 jam
334 1077 391 1122 ante
408 1075 494 1121 animo
511 1071 610 1121 latebris
623 1069 739 1130 subsedit,
757 1068 879 1133 alter'per

121 1147 189 1197 vada
207 1160 267 1199 nota
285 1153 430 1200 Metaurum
448 1152 541 1198 flumen
553 1149 673 1198 tranauit.
708 1148 743 1198 ita
755 1143 879 1196 desertum

121 1225 253 1276 &ducibus
271 1241 360 1292 agmen
373 1229 454 1294 primo
467 1243 510 1294 per
522 1241 596 1291 agros
606 1227 721 1294 palatur3
737 1222 839 1288 selb'que
850 1236 879 1272 a·

120 1302 203 1368 liquot
221 1301 311 1355 somno
328 1321 358 1357 ac
375 1305 469 1370 vigiliis
484 1307 599 1362 fleruunt
609 1319 717 1371 corpora
729 1302 822 1369 passim,
838 1309 879 1351 ata

120 1395 169 1446 que
188 1381 354 1448 infrequentia
375 1384 520 1450 relinquunt
537 1385 613 1447 signa.
650 1381 799 1443 Hasdrubal,
816 1381 878 1435 dum

110 1458 167 1509 lux
179 1459 247 1508 viam
259 1462 404 1526 ostenderet,
417 1463 470 1529 ripa
480 1463 589 1511 fluminis
599 1459 669 1525 signa
679 1459 834 1523 serrijubetr
850 1457 879 1510 tt

32 1574 39 1588 e
120 1549 166 1602 pet
185 1535 289 1584 tortuosi
309 1540 388 1588 amnis
408 1539 472 1588 sinus
490 1539 618 1604 flexusque
637 1552 748 1587 errorem
767 1537 878 1588 volvent

120 1610 188 1660 liaud
203 1611 310 1661 multum
329 1613 451 1678 processit,
468 1615 513 1662 ubi
532 1616 613 1681 prima
627 1616 672 1683 lux
683 1613 812 1662 transtum
829 1628 877 1679 op·

120 1696 258 1753 portunum
270 1687 416 1750 ostendisset,
428 1687 581 1738 transiturus.
599 1689 641 1738 sed
653 1703 740 1752 quum,
751 1698 876 1752 quantum

119 1775 190 1811 mare
198 1761 356 1826 abscedebat,
369 1769 441 1812 tanto
453 1762 582 1812 altioribus
595 1762 770 1816 reducentibus,
777 1773 877 1814 amnem

70 1893 81 1906 ,
118 1839 189 1905 ripis,
206 1856 258 1890 non
267 1841 394 1891 inveniret
403 1841 477 1902 vada,
494 1841 560 1890 diem
573 1840 675 1890 terendo
687 1839 795 1908 spatium
807 1839 877 1894 dedit

118 1914 150 1966 ad
163 1917 342 1980 insequendum
356 1917 406 1966 sese
418 1919 492 1968 hosii.
917 1973 921 1995 ⁵

152 1996 281 2044 XLVIII.
297 1999 366 2046 Nero
385 1997 493 2062 prImum
512 2009 569 2046 cum
585 1995 656 2046 omni
667 1996 781 2061 equitatu
792 1947 876 2046 adte-

118 2069 166 2123 t'tit.
191 2071 294 2122 Porcius
304 2072 393 2122 delnde
404 2071 523 2124 assecutus
535 2085 592 2122 curn
602 2072 664 2122 levi
667 2083 802 2146 armatura.
821 2071 875 2135 Qui

117 2163 198 2220 quum
209 2147 295 2202 fessum
309 2167 397 2216 agmen
410 2161 540 2216 carperent
554 2152 587 2201 ab
599 2153 669 2202 omni
680 2163 751 2219 parte
764 2150 875 2202 incursa·

83 2276 87 2286 ,
118 2236 232 2292 rentque,
250 2227 275 2276 dr
290 2229 351 2292 jam,
369 2228 460 2280 omisso
477 2229 574 2291 itInere,
591 2229 659 2294 quod
677 2229 742 2293 sugae
749 2229 831 2278 ,simite
846 2244 874 2278 e-

116 2313 163 2366 rat,
181 2305 257 2354 casira
268 2309 357 2358 metari
371 2309 457 2357 Poenus
474 2307 500 2357 in
519 2308 616 2358 tumulo
634 2306 707 2373 super
718 2308 826 2358 fluminis
838 2307 873 2358 rin

117 2394 175 2446 pam
187 2382 275 2444 veilet;
291 2383 395 2434 advenit
412 2384 503 2434 Livius
520 2383 633 2450 peditum
652 2383 768 2434 omuibus
778 2384 872 2452 cupiit,

116 2473 167 2510 non
180 2459 274 2508 itineris
285 2458 370 2524 modo,
382 2463 423 2512 sed
432 2463 464 2513 ad
476 2462 655 2514 conserendum
665 2463 795 2529 extemplo
804 2479 872 2530 prees

33 2567 37 2572 ·
116 2536 177 2588 lium
187 2537 306 2588 iniiruiiir
314 2541 472 2604 armatisque.
502 2539 547 2592 sed
560 2541 604 2590 ubi
616 2557 703 2592 omnes
715 2544 799 2609 copias
809 2556 871 2594 con-

114 2615 262 2680 junxerunt,
285 2617 425 2682 direiiaque
444 2621 509 2668 acies
528 2620 571 2682 est,
595 2621 712 2672 claudius
731 2621 822 2672 dextro
842 2623 872 2674 in

115 2707 201 2753 cornu,
221 2694 310 2744 Livius
322 2695 353 2743 ab
366 2694 459 2746 sinistro
471 2711 580 2762 pugnam
593 2697 706 2748 Instruit:
724 2698 805 2750 media
817 2698 870 2748 aci·

116 2785 140 2819 es
151 2771 253 2836 praetori
265 2772 356 2822 tuenda
367 2772 450 2826 datur.
485 2773 633 2836 Hasdrubal,
650 2776 738 2826 omissa
747 2777 869 2828 munitlu-

80 2859 86 2866 “
115 2863 146 2898 ne
163 2849 304 2912 castrorum,
324 2852 454 2918 postquam
471 2852 633 2918 pugnandum
650 2854 724 2918 vidit,
742 2855 767 2904 in
788 2855 869 2920 prima

30 2982 35 2990 Ι
114 2924 167 2974 acie
178 2935 236 2974 ante
253 2925 319 2990 signa
336 2928 481 2996 elephantos
493 2929 609 2980 collocat.
627 2933 693 2982 circa
707 2947 749 2983 eos
763 2931 828 2981 laevo
840 2932 869 2982 in

114 3017 192 3056 tutnu
208 3002 327 3058 adversus
343 3006 474 3061 Claudium
490 3009 577 3064 Gallos
593 3011 709 3081 opponit,
726 3010 793 3066 haud
810 3020 867 3063 tan·

809 3099 867 3151 tum
