2058 3642
58 189 85 247 ξ’
142 193 193 252 536
399 190 629 243 'nurvtt
712 227 715 236 Δ

142 283 204 332 viris
214 280 354 344 immolate,
372 280 397 332 be
412 281 541 332 limulecra
552 280 676 350 euprcllea
688 281 714 332 in
724 281 807 336 adem
819 281 905 336 illata.

176 361 329 410 xxxviii.
348 361 403 410 Diis
411 361 458 411 rite
467 361 580 428 placatis,
597 359 717 410 deleiium
726 361 842 412 eonsules
852 364 905 413 ha·

141 436 234 488 bebaut
244 437 325 487 aerius
337 429 512 504 intentiusque,
529 444 601 504 quam
615 438 738 504 prioribus
750 441 824 490 annia
833 439 907 505 quis-

140 529 215 581 qum
223 516 368 565 meminerat
377 516 500 565 habitum.
518 515 610 565 nam&
620 515 678 564 belli
694 525 776 565 terror
784 514 906 582 duplica·

141 602 181 642 tus
191 594 255 644 novi
266 593 340 644 hollis
355 595 382 644 in
399 595 495 644 ltaliam
506 592 632 643 adveatu:
651 590 676 642 br
686 592 906 656 miniujuventu-

141 670 173 720 tie
181 682 242 734 crat,
254 672 320 722 uude
332 672 466 722 scriberent
475 671 574 742 militer.
608 673 697 736 Itaque
706 670 814 722 colonos
822 673 907 722 etiam

142 751 289 814 maritimos,
314 752 358 817 qui
376 749 551 802 sacrolanlianr
571 750 732 800 vacationem
750 749 906 800 dicebantur

142 827 243 890 babere,
266 827 325 878 dare
341 829 431 879 militet
451 828 583 896 cogebant.
609 826 700 893 quibus
717 826 904 891 recusantibus,

143 905 244 956 edixere
256 907 282 956 in
294 907 359 958 diem
369 918 473 968 certam,
490 917 527 970 ut,
544 921 595 972 quo
604 905 708 972 quisque
717 904 774 968 jure
784 907 905 957 vacatio-

142 997 201 1034 nem
211 983 357 1047 baberetad
366 983 477 1033 senatum
487 981 600 1034 deferret.
633 984 671 1032 Ei
681 982 721 1032 die
731 983 758 1031 hi
768 983 860 1050 populi
868 983 904 1034 ad

144 1061 257 1114 senatum
273 1075 410 1114 venerunt:
437 1060 557 1125 ostiensia,
582 1060 702 1124 Alienis,
723 1063 822 1125 Antias,
844 1065 903 1112 An·

144 1155 230 1204 xuras,
246 1140 430 1206 Minturnensis,
448 1140 610 1204 Sinuelianus,
627 1140 653 1190 u
672 1139 705 1188 ab
722 1137 813 1207 supero
834 1141 903 1192 mari

145 1219 262 1274 senenfia
298 1225 384 1286 Quum
400 1221 545 1270 vacationes
559 1217 612 1268 suas
628 1217 732 1284 quisque
741 1219 901 1286 populusre-

145 1299 248 1360 citarem
260 1301 357 1363 nullius,
369 1314 446 1365 quum
456 1300 487 1348 in
498 1299 571 1348 Italia
583 1297 657 1348 hellis
669 1295 735 1361 ellet,
748 1308 837 1364 prater
847 1301 905 1346 An-

145 1377 231 1428 tiatem
247 1375 436 1443 Ostiensemque,
453 1378 553 1427 vacatio
566 1375 699 1427 observata
707 1375 758 1424 eli:
775 1375 902 1426 &earum

144 1455 299 1504 coloniarum
309 1455 421 1518 juniores
432 1455 597 1518 jurejurando
605 1453 692 1516 adaili,
711 1452 845 1521 supradiee
855 1453 902 1504 tri·

143 1534 212 1600 ginta
228 1547 277 1581 nou
291 1531 478 1598 pernoctaturos
496 1531 583 1599 setlle
600 1543 672 1583 extra
682 1533 775 1582 moenia
792 1531 903 1584 colonia

117 1639 120 1648 ·
143 1609 201 1670 sue,
218 1608 297 1659 donee
308 1610 382 1664 hostis
394 1611 420 1659 in
435 1610 508 1660 Italia
519 1610 586 1662 esset.
622 1614 709 1674 Quum
720 1622 808 1660 omnes
818 1607 902 1659 cense-
989 1619 993 1629 ¹

143 1697 207 1754 rent,
226 1690 309 1757 primo
325 1704 426 1756 quoque
442 1700 556 1756 tempore
575 1688 718 1738 consulibus
735 1687 847 1737 eu'ndum
866 1686 902 1739 ad

145 1767 247 1830 bellum,
264 1765 330 1829 (nam
342 1766 368 1817 ἃ
377 1765 523 1816 Hasdrubali
538 1763 720 1816 occurrendum
734 1763 783 1814 elle
799 1763 901 1816 descen·

144 1843 215 1896 denti
231 1843 264 1893 ab
279 1843 392 1910 Alpibus,
408 1857 440 1893 ne
457 1843 543 1893 Gallos
562 1839 708 1909 Cisalpinos,
725 1855 791 1890 neve
804 1841 903 1892 Etruri-
939 1829 947 1841 ⁴

144 1938 197 1987 am,
214 1919 319 1970 ereiiam
335 1921 361 1969 in
375 1919 443 1987 spem
452 1933 533 1969 rerum
543 1933 676 1981 novenum,
693 1915 853 1971 sollicitaret:
873 1917 903 1970 be

145 1999 311 2054 Hannibalem
326 1997 370 2050 luo
382 1999 484 2066 proprio
499 1995 673 2064 occupandum
687 1995 762 2057 bello,
780 2010 812 2044 ne
821 2010 902 2046 emer·

144 2095 205 2145 gere
219 2093 252 2128 ex
262 2079 362 2130 Bruttiis
372 2088 446 2143 atque
457 2075 560 2128 obvium
573 2074 644 2123 fratri
658 2073 694 2124 ire
703 2069 790 2140 pollet)
807 2073 903 2125 Livius

145 2156 318 2219 cunilabatur,
336 2170 423 2223 parum
435 2153 512 2204 fidens
521 2152 620 2202 suarum
631 2151 819 2217 provinciarum
828 2163 902 2201 exer·

146 2234 253 2287 citibus:
271 2233 390 2299 collegam
405 2247 438 2283 ex
450 2220 547 2283 duobus
561 2227 730 2280 consularibus
739 2229 843 2294 egregiis
854 2243 902 2280 ex·

147 2313 274 2376 ercitibusj
291 2312 316 2362 ἀ
329 2313 412 2374 tertio,
429 2312 470 2361 cui
487 2315 521 2375 Q.
538 2308 655 2360 claudius
664 2307 768 2357 Tarenti
780 2305 900 2372 preesset,

72 2405 82 2424 ·
146 2390 293 2441 elellionem
309 2391 407 2440 habere
425 2389 591 2454 intuleratque
607 2385 759 2438 mentionem
773 2381 805 2433 de
822 2371 900 2434 vilo-

146 2467 219 2520 uibus
228 2469 374 2518 revocandis
383 2467 414 2517 ad
425 2467 501 2530 signa.
528 2463 630 2516 Senatus
637 2465 741 2516 liberam
751 2461 897 2531 potestatem

131 2597 135 2616 Ι
146 2543 289 2596 consulibus
300 2543 367 2606 lecit,
385 2545 410 2594 be
421 2541 552 2611 supplendi
562 2541 627 2594 unde
635 2543 737 2606 vellent,
755 2539 899 2604 &eligendi

147 2621 178 2672 de
188 2619 303 2674 omuibus
312 2621 472 2685 exercitibus,
489 2635 552 2686 quos
563 2621 665 2683 vellent,
683 2616 897 2686 permutandique,

149 2701 175 2753 ἃ
189 2713 225 2751 ex
234 2699 379 2766 provinciis,
396 2715 459 2767 quos
472 2703 487 2749 ὲ
500 2699 628 2766 republica
642 2697 767 2750 censerent
778 2692 833 2756 eise,
842 2706 899 2744 tra.

148 2775 264 2830 ducendi.
299 2779 334 2826 Ea
347 2780 432 2829 omnia
449 2792 507 2828 cum
518 2776 614 2826 summa
624 2773 758 2826 concordia
769 2769 899 2824 consulum

81 2909 83 2925 1
149 2857 212 2908 aila.
250 2855 360 2911 Volones
374 2857 399 2906 in
414 2854 622 2907 undevicesimum
635 2855 661 2903 δι
671 2849 900 2914 vicesnnamlegim

148 2949 191 2988 nes
201 2935 293 3000 scripti.
328 2935 417 2999 Magni
434 2933 531 2983 roboris
547 2932 641 2984 auxilia
658 2945 691 2980 ex
702 2929 822 2996 Hispania
837 2939 899 2991 quo·

149 3025 197 3078 que
210 3017 225 3062 a
239 3012 398 3080 1²..scipione
407 3015 445 3064 M.
456 3011 533 3065 Livio
542 3009 610 3062 milla
618 3010 720 3077 quidam
728 3007 759 3060 ad
770 3005 796 3056 id
804 3005 899 3058 bellum

679 3111 683 3119 ·
785 3081 898 3136 autturee
