2062 3640
199 201 250 266 oa
328 261 332 265 .
443 195 492 248 T·
526 189 624 248 le
640 193 687 276 ll

201 285 346 352 fingentium
358 298 424 336 vana
434 283 536 348 auditis,
545 295 624 336 totam
631 286 722 336 urbem
728 288 907 342 conciverat.
920 291 972 360 pln-

200 377 267 416 ratus
278 364 408 414 mulierum
421 379 523 434 nonex
537 365 642 432 privatis
657 363 741 415 solum
749 366 883 419 domibus
897 385 971 420 exau·

199 443 327 500 diebaturr
345 440 387 491 sed
403 441 516 509 undique
534 453 662 504 matrona,
680 443 706 490 in
725 442 870 508 publicum
882 447 969 504 effusa,

199 521 264 570 circa
284 519 366 570 neum
386 519 490 570 delubra
509 517 659 581 discurrunt,
686 517 804 570 crinibus
823 523 904 588 paffis
921 537 971 572 aras

199 607 336 658 verrentes,
353 597 421 647 nixa
435 595 548 662 genibus,
566 593 665 660 supinas
676 611 766 647 manus
783 598 819 648 ad
831 601 931 650 coelum
944 616 969 650 ae

200 677 269 728 Deos
288 675 426 738 tendentes,
444 673 600 740 orantesque,
625 684 655 722 ut
672 673 763 722 urbem
785 677 941 728 Romanam
957 679 968 724 e

199 751 314 805 manibus
326 753 433 804 hostium
444 753 566 820 eriperent
573 769 583 813 i
597 751 741 817 matresque
752 754 895 806 Romanas
907 757 932 805 de
942 755 967 804 li·

120 877 126 886 .
197 829 272 882 beros
284 845 377 900 parvos
389 831 524 880 inviolatos
535 828 673 878 servarent.
709 833 818 879 Senatus
836 833 966 896 magistra·

198 912 266 964 tibur
279 912 304 960 in
319 909 376 961 soro
392 909 478 976 praelio
493 908 535 970 esi,
551 906 639 972 liquid
653 907 785 958 consulere
797 911 900 960 velint.
919 911 965 960 Alii

200 990 329 1058 accipiunt
341 989 454 1056 imperia,
471 985 650 1051 disceduntque
662 985 698 1036 ad
715 985 771 1035 suas
790 987 907 1054 quisque
917 989 966 1038 offi-

200 1070 297 1122 ciorum
314 1079 408 1136 partes:
426 1066 468 1116 alii
481 1065 589 1116 esserunt
600 1064 633 1126 se,
651 1063 668 1112 fi
682 1079 734 1130 quo
744 1063 808 1114 usus
824 1082 916 1132 opera
929 1067 963 1116 fit.

200 1145 309 1212 prandia
321 1146 346 1194 in
358 1159 423 1204 aree,
440 1145 465 1192 in
480 1141 616 1210 Capitolio,
633 1141 660 1189 in
673 1141 761 1202 muris,
778 1141 854 1192 circa
867 1144 964 1206 urbem,

199 1222 226 1270 in
236 1231 320 1270 monte
331 1221 405 1268 etiarn
419 1217 518 1268 Albano
529 1229 605 1282 atque
617 1231 674 1266 arce
685 1214 807 1266 AEsulana
819 1231 962 1283 ponuntur·

200 1301 269 1348 Inter
284 1299 349 1346 hunc
365 1295 509 1360 tumultum,
528 1299 563 1360 Q.
578 1295 694 1344 Fulvium
708 1297 895 1364 proconsulem
908 1314 960 1365 pro·

166 1425 170 1432 ,
198 1375 290 1426 sessum
302 1387 359 1424 curn
372 1375 485 1424 exercitu
499 1379 515 1422 a
531 1378 617 1440 Capua
629 1373 746 1434 assertum
762 1375 807 1424 cui
818 1391 851 1424 ne
865 1378 962 1426 minue-

198 1464 267 1504 retur
276 1452 415 1518 imperium,
432 1451 449 1500 st
461 1453 486 1501 in
499 1451 587 1504 urbem
600 1451 713 1516 venisset,
729 1451 845 1504 decernit
854 1455 961 1514 senatus.

198 1543 227 1582 ut
237 1535 271 1596 Q.
282 1533 372 1582 Fulvio
382 1547 426 1600 par
435 1546 493 1582 cum
502 1531 646 1589 consulibus
655 1531 790 1598 imperium
801 1531 872 1584 esset.
893 1539 962 1585 Hau·

198 1613 275 1676 nibal,
293 1609 403 1661 insellius
426 1611 593 1679 perpopulato
610 1626 672 1675 agro
689 1611 839 1674 Fregellano
856 1625 962 1681 propter

198 1689 325 1742 intercisos
336 1701 433 1759 pontes,
451 1705 504 1757 per·
513 1688 664 1739 Frusinatem
677 1690 919 1757 Ferentinatemque
933 1695 959 1744 dr

200 1771 359 1834 Anagninum
370 1784 457 1836 agrurn
477 1768 502 1817 in
513 1768 670 1817 Lavicantun
685 1767 767 1815 venir.
785 1767 846 1817 inde
863 1770 959 1833 Algido

200 1847 339 1898 Tusculum
351 1848 438 1916 petiit:
456 1862 501 1896 nec
512 1855 624 1912 receptus
633 1843 765 1908 moenibus,
779 1845 845 1896 infra
855 1848 956 1898 Tuscu-

198 1925 251 1975 lum
267 1924 409 1976 dextrorsus
430 1925 525 1975 Gabios
539 1921 674 1972 descendit.
700 1923 757 1972 inde
775 1925 801 1973 in
820 1926 957 1992 Pupiniam

200 2005 313 2057 exercitu
325 2002 435 2066 demisso,
448 2001 505 2052 osio
516 2000 593 2050 millia
609 1998 720 2066 passuum
731 2001 764 2050 ab
779 2003 862 2051 Roma
870 2003 958 2070 posuit

199 2081 284 2131 casira.
321 2085 381 2141 Quo
399 2081 501 2149 propius
518 2080 592 2129 hostis
604 2077 745 2140 accedebat,
763 2093 795 2128 eo
811 2080 897 2143 major
908 2097 958 2132 εε-

198 2158 247 2210 des·
258 2159 334 2208 fiebat
351 2159 509 2227 fugientium,
527 2155 719 2226 precedentibus
741 2155 876 2226 Numidis:
899 2161 956 2226 plu-

198 2237 286 2304 resque
301 2239 413 2287 omnium
425 2253 544 2303 generum
556 2248 629 2302 atque
642 2235 751 2284 aetatium
762 2234 938 2299 capiebantur.

233 2321 267 2366 X.
287 2319 317 2366 ln
330 2318 378 2366 hoc
393 2319 503 2367 tumtrltu
518 2317 623 2366 Fulvius
637 2315 745 2374 Flaccus,
763 2312 833 2378 port&
848 2317 956 2381 Capeus

198 2411 256 2447 cunr
268 2395 381 2444 exercitu
396 2397 503 2442 Romam
518 2392 644 2458 ingressus,
663 2391 742 2440 medici
754 2390 812 2438 urbe
823 2403 866 2456 per
880 2395 953 2442 Cari·

198 2489 241 2524 nas
253 2472 384 2538 AEsquilias
396 2471 533 2520 contendit.
551 2471 608 2520 inde
621 2457 748 2534 egressus,
752 2469 816 2518 inter
832 2469 952 2536 AEsquili-

198 2563 256 2602 nam
266 2549 438 2614 Collinamque
449 2557 546 2612 portam
555 2547 642 2615 posuit
651 2548 735 2598 casira.
771 2545 865 2600 AEdilcs
874 2548 950 2613 plebis

139 2674 144 2678 .
199 2637 367 2680 commeatum
377 2628 406 2674 eb
416 2627 612 2692 comportarunt.
644 2623 760 2675 Consules
770 2625 929 2692 senatusque
923 2641 948 2676 tu

199 2702 273 2755 eastra
283 2711 413 2752 venerunt.
433 2698 467 2752 ibi
483 2701 513 2752 dc
525 2701 618 2757 summa
633 2701 759 2768 republica
770 2701 947 2751 consultatum.
1013 2701 1014 2716 ³

200 2781 303 2845 Placuit,
321 2779 432 2832 consules
450 2779 515 2830 circa
534 2787 616 2848 portas
635 2779 758 2830 Collinam
773 2777 947 2844 AEsquilinam·
1013 2809 1014 2852 3

198 2875 247 2930 que
268 2870 359 2926 ponere
377 2861 467 2910 calita.
488 2863 518 2909 C.
539 2857 702 2925 Calpurnium
723 2865 856 2922 praetorem
876 2857 946 2906 urba·
1013 2857 1014 2884 ³

199 2954 259 2990 num
271 2938 397 3005 Capitolio
405 2947 479 3002 atque
488 2951 539 2986 aret
532 2933 656 3010 ptaeelsel
677 2933 702 2982 dt
712 2932 824 2982 senatum
834 2932 945 2997 frequen·
1013 2943 1014 2986 j

199 3025 250 3068 tem
261 3015 287 3066 in
299 3015 355 3068 soro
368 3014 499 3080 contineri,
516 3010 618 3080 siquid
610 3025 637 3062 tn
643 3000 698 3058 'sam
709 3007 797 3064 subitis
805 3009 880 3060 rebus
888 3024 945 3058 con-

883 3085 944 3137 sulto
1013 3121 1014 3136 .

1009 3073 1014 3110 l
