2130 3642
186 217 230 265 152
312 257 315 262 ,
439 203 707 270 natvm,

183 297 211 343 vi
222 303 373 344 armatorum
382 295 407 342 in
419 304 509 343 terram
522 295 652 358 evadente,
670 295 695 344 δι
707 293 739 344 ab
751 303 822 360 tergo
834 295 931 366 impro‘-

182 373 236 420 vird
255 382 381 438 premente
398 373 460 420 acie.
496 373 571 432 Galli,
589 371 725 438 postquam,
742 374 808 422 ultro
820 374 874 424 vim
893 374 932 423 sa-

182 463 238 498 cere
250 452 340 512 conati,
358 449 519 517 pellebantur,
537 450 584 514 qua
599 460 682 516 patere
694 449 775 498 visum
788 452 897 500 maxime
910 451 932 498 i-

180 534 228 589 ter,
246 539 416 594 perrumpunt,
434 523 571 593 tr'cpidique
589 527 614 574 in
633 529 703 575 vicos
715 527 799 592 paffim
806 523 868 579 'suos
882 526 934 576 dif-

180 601 289 666 fugiunt.
324 605 457 667 Hannibal,
475 605 560 652 ceteris
579 603 657 668 copiis
669 617 713 668 per
724 603 805 652 otium
817 602 934 667 trajelliS,

181 675 296 744 spernens
305 679 355 742 jam
368 681 477 750 Gallicos
489 678 615 739 tumultus,
627 678 702 727 castra
714 679 789 728 locat.
808 681 934 748 Elephan·

181 765 263 805 torum
276 757 476 819 trajiciendorum
489 757 561 806 varia
573 756 671 804 consilia
684 755 752 804 suili‘c
768 757 859 806 credo:
878 773 932 806 cer-

181 837 205 881 te
216 835 312 882 variata
328 836 448 884 memoria
465 833 523 883 atta
540 833 585 882 rei.
604 833 714 898 quidam,
731 835 888 898 congregatis
900 834 936 884 ad

180 911 261 977 ripam
273 912 414 978 elephantis,
432 910 539 974 tradunt,
558 909 732 960 lerocill'nnum
750 909 784 960 ω’(
801 912 831 960 iis
848 912 932 960 irrita·

180 997 235 1036 tum
248 989 278 1036 ab
290 988 383 1038 redlore
394 989 447 1052 suo,
465 1003 541 1054 quum
554 985 716 1050 refugientem
728 987 856 1055 inaquam
868 1003 931 1038 nan·

181 1073 233 1114 tem
251 1066 400 1130 sequeretur,
417 1063 515 1114 traxille
530 1080 638 1128 gregem,
656 1074 684 1113 ut
702 1079 824 1130 quemque
842 1065 930 1116 rimen-

181 1153 233 1191 tcm
244 1143 399 1192 altitudinem
411 1141 551 1194 destituerat
562 1141 662 1205 vadum,
676 1140 771 1208 impetu
782 1141 836 1210 ipso
847 1143 931 1192 flumi-

181 1220 219 1268 nis
237 1222 262 1269 in
280 1221 382 1270 alteram
399 1221 478 1286 ripam
495 1220 614 1286 rapiente.
652 1223 768 1270 Ceterum
780 1221 857 1284 magis
869 1235 930 1270 con·

181 1298 234 1358 liat,
247 1298 339 1348 ratibus
351 1297 475 1360 trajeiios:
497 1297 522 1346 id
538 1309 566 1346 ut
578 1300 655 1346 tutius
667 1296 796 1348 consilium
807 1307 863 1346 ante
875 1313 930 1348 rena

181 1373 254 1435 soret,
274 1375 316 1437 ita,
327 1371 379 1423 atra
392 1390 427 1437 re,
439 1373 471 1423 ad
483 1372 556 1423 fidem
570 1373 671 1440 pronius
684 1374 725 1422 est.
743 1377 832 1422 Ratem
843 1389 929 1438 unam,

181 1447 300 1502 ducentos
319 1452 419 1516 longam
436 1449 517 1516 pedes,
535 1451 716 1516 quinquaginta
734 1450 818 1512 latam,
834 1455 850 1500 a
864 1461 930 1502 terra

145 1533 148 1542 '
181 1527 208 1576 in
219 1545 316 1578 amnem
327 1539 504 1600 porrexerunt:
523 1543 605 1592 qnam,
616 1544 647 1578 ne
659 1527 763 1578 secundi
774 1529 838 1593 aqua
849 1527 929 1578 defer-

172 1602 263 1669 retur,¹
275 1607 384 1672 plumbus
395 1605 484 1656 validis
495 1605 635 1656 retinaculis
652 1616 721 1673 parte
734 1604 858 1672 superiore
870 1606 931 1672 ripae

179 1685 317 1749 religatam,
334 1687 417 1752 pontis
434 1687 459 1734 in
476 1683 579 1735 modum
595 1685 673 1734 humo
686 1683 929 1754 injedialeonllrave-

181 1763 256 1824 runt;
274 1773 302 1811 ut
317 1763 403 1812 bellua
415 1761 609 1832 audaclerrelut
624 1756 667 1830 per
679 1757 929 1824 solumingreder'en-

180 1850 231 1894 tur.
253 1840 329 1892 altera
346 1841 411 1902 ratis,
429 1839 571 1906 aqualata,
588 1838 663 1902 longa
682 1837 753 1904 pedes
771 1847 879 1900 centurn,
896 1837 928 1888 ad

180 1913 350 1984 trajiciendum
362 1915 453 1964 flumen
466 1923 531 1979 apta,
547 1911 606 1962 huic
618 1912 733 1978 copulata
750 1912 799 1959 eli:
816 1910 929 1977 &quum

180 1992 313 2062 elephanti,
336 2007 380 2060 per
399 1989 507 2042 stabilem
528 2000 614 2053 tatem,
632 1999 750 2055 tanquam
770 1989 849 2052 riam,
867 2000 928 2055 pra·

124 2113 128 2124 .
172 2061 349 2136 Ιςῐεάἰειπίὺιιε
370 2069 476 2134 seminis,
495 2065 557 2130 paeri,
581 2067 606 2116 in
628 2067 755 2116 minorem
776 2067 927 2134 applicatam

173 2139 316 2210 'transgredi
328 2145 401 2215 sunt,
415 2145 540 2212 extemplo
553 2142 673 2204 resolutis,
685 2144 774 2208 quibus
785 2143 928 2192 leviteran·

180 2237 247 2272 nexa
258 2235 318 2285 erat,
330 2222 444 2281 vinculis,
461 2222 493 2270 ab
504 2221 616 2272 adiuariis
628 2219 724 2283 aliquot
734 2219 840 2266 navibus
851 2219 881 2268 ad
891 2219 928 2267 al·
971 2245 974 2254 ·

173 2310 256 2364 vteram
268 2301 346 2365 ripam
361 2299 524 2364 pertrahitur:
543 2299 577 2350 ita
589 2298 673 2366 primis
687 2295 812 2362 expolitis,
829 2295 871 2344 alii
883 2295 927 2346 de·

172 2371 238 2426 'inde
250 2377 347 2442 repetiti
359 2391 387 2424 ac
403 2376 495 2440 trajedli
509 2377 572 2429 sunt.
607 2374 676 2426 Nihil
689 2373 744 2422 sane
761 2371 925 2440 trepidabant,

170 2445 261 2504 *donee
279 2453 416 2508 continenti
434 2455 503 2504 velut
521 2463 598 2520 ponte
615 2462 752 2516 agerentur.
772 2451 863 2516 primus
875 2460 927 2499 erat
1003 2469 1005 2478 ⁴

171 2527 269 2598 paror,
279 2534 371 2594 ¹quum,
381 2530 460 2580 soluta
471 2533 502 2589 ab
515 2533 601 2582 ceteris
612 2529 672 2592 rate,
685 2530 709 2578 in
726 2529 926 2596 altum-raperen-

171 2601 230 2660 tur.
256 2603 301 2672 lbi,
319 2619 433 2672 urgentes
450 2611 513 2659 inter
524 2609 556 2671 se,
575 2609 717 2668 cedentibus
731 2608 847 2658 extremis
857 2607 890 2656 ab
901 2623 927 2656 a·
975 2661 978 2666 ,

171 2681 238 2755 qua,
255 2681 426 2751 lrepidationis
445 2670 598 2750 aliquantum
615 2686 736 2748 edebant;
762 2687 842 2736 donec
860 2685 927 2750 quie·
946 2741 949 2748 1

179 2771 232 2812 tem
243 2761 294 2828 ipse
306 2764 380 2814 timor
392 2761 649 2830 circumspediantibus
661 2780 751 2831 aquarn
763 2759 864 2812 secillet.
886 2776 928 2812 ex-

171 2837 260 2893 'ciddre
272 2841 346 2889 etiam
358 2841 486 2890 saevientes
495 2839 595 2904 quidam
608 2843 632 2891 in
644 2845 746 2891 flumem
765 2839 815 2902 sed,
833 2838 927 2905 ponde·
998 2881 1000 2886 .
1054 2857 1055 2884 ff

179 2935 206 2974 re
216 2919 269 2984 ipso
279 2918 380 2981 stabiles,
389 2901 495 2982 'dejeitis
506 2917 648 2986 redonibus,
666 2915 801 2987 quarendis
810 2916 928 2984 pedeten-

170 2993 227 3057 ‘tim
239 2996 317 3065 vadis,
329 2997 356 3050 ia
364 3008 453 3052 tetram
461 2995 570 3052 evasere.
594 3035 597 3042 .

167 3080 169 3084 ’
472 3080 476 3086 ’
736 3073 839 3124 xxix.
857 3069 925 3122 Dum
