2062 3640
335 248 621 312 uluun'ltxv.
794 269 840 322 39¹

100 351 151 414 xit,
168 347 291 417 superque
302 347 428 416 delapsum
440 361 496 397 cum
508 348 609 397 vulnere
622 359 654 396 ex
666 341 732 412 'equo
744 346 848 411 desluit,

100 439 132 476 ut
144 427 215 493 pedes
225 427 349 489 jacentem
361 419 503 474 conficeret.
537 423 634 488 Badius,
649 423 791 490 priusquam
802 435 848 494 op*-

103 503 263 569 primeretur,
275 501 360 569 parma
370 511 444 566 atque
456 511 521 564 equo
530 499 622 564 relislo,
634 500 664 548 ad
676 498 731 549 suos
742 500 849 564 aufugit.

105 577 242 644 Crispinus,
260 593 360 646 equum,
371 591 487 642 armaque
504 587 584 643 capta,
597 577 621 627 a
633 587 758 626 cruentam
770 577 852 644 cuspi-

102 653 164 712 dem
172 655 270 719 insignis
281 655 364 722 spolils
373 656 502 717 ostentans,
514 667 570 702 cum
583 669 671 717 magna
680 655 752 703 laude
761 655 785 703 a
795 669 850 719 gra·

100 731 226 798 tulatioue
236 734 352 793 militum,
362 731 400 794 ‘ad
411 731 522 782 consules
539 729 572 778 ell
584 727 709 795 dedutius,
726 731 850 782 laudatus-

105 821 157 873 que
167 809 203 857 ibi
214 809 353 872 magnifici,
371 809 396 857 ἃ
407 803 478 856 donis
489 805 604 856 donatur.

141 887 216 935 x1x.
234 887 360 936 Hannibal
371 899 403 939 ex
414 899 474 948 agro
488 884 661 934 Beneventano
673 875 747 935 casira
759 885 789 936 ad
803 887 849 935 Ca-

105 975 183 1029 puam
194 977 274 1026 quum
284 960 407 1024 movisset,
420 962 494 1010 tertio
507 961 559 1025 poll
570 959 618 1022 die,
630 965 703 1024 quarn
715 964 793 1024 venit,
807 977 850 1011 co·

106 1039 162 1104 pias
171 1040 197 1088 in
205 1039 282 1086 aciem
291 1037 390 1087 eduxit:
401 1036 591 1102 haudquaquam
600 1036 696 1100 dubius,
704 1037 768 1102 quod
778 1041 850 1086 Cant·

106 1115 188 1180 panis,
205 1114 304 1162 absente
315 1113 347 1176 se,
364 1129 457 1182 paucos
467 1118 523 1162 ante
535 1114 586 1163 diet
598 1111 702 1163 secunda
714 1113 794 1184 suisset
805 1125 852 1180 pu·

107 1205 167 1254 gna,
178 1191 237 1256 quin
248 1192 415 1241 multominus
427 1191 452 1240 se
464 1189 581 1256 suumque
590 1194 663 1242 toties
675 1187 795 1242 vitiorem
806 1201 852 1241 ex·
875 1187 881 1198 “

107 1267 214 1316 ercitum
234 1267 346 1322 sullinere
364 1269 473 1318 Romani
495 1267 599 1334 possent.
636 1273 760 1332 Ceterum,
786 1269 852 1336 posi·

106 1359 184 1412 quam
196 1346 300 1411 pugnari
316 1355 422 1412 coepnun
440 1346 481 1403 est,
499 1346 610 1408 equitum
626 1347 733 1395 maximi:
745 1343 851 1408 incursu,

105 1437 185 1493 quum
194 1423 281 1485 jaculis
292 1424 447 1486 obrueretur,
457 1423 585 1472 laborabat
594 1423 705 1475 Romana
714 1424 792 1473 acles:
804 1424 852 1474 do·

107 1515 155 1550 nec
167 1500 260 1564 sgnum
271 1497 395 1566 equitibus
405 1499 491 1550 datum
503 1501 543 1562 esi,
559 1501 624 1550 utin
636 1501 727 1552 hoslem
736 1500 852 1551 admitte·

107 1589 166 1630 rent
182 1591 268 1642 equos.
286 1581 320 1626 ita
336 1577 442 1644 equestre
458 1579 570 1646 proelium
587 1588 654 1639 erat3
670 1593 747 1644 quum
765 1580 851 1647 procul

107 1652 179 1702 visus
184 1653 378 1718 ‚Sempronianus
389 1654 519 1717 exercitur,
537 1655 577 1704 cui
590 1657 636 1703 Cn.
648 1656 775 1708 Cornelius
784 1671 853 1722 quaeu

107 1733 160 1784 nor
171 1741 281 1799 praerat,
298 1732 395 1798 utrique
406 1734 470 1800 parti
488 1747 571 1800 parem
582 1743 675 1782 metum
687 1735 801 1800 praebuit,
817 1749 851 1783 ne

106 1809 188 1860 nolles
199 1809 261 1858 novi
272 1807 444 1860 adventarent.
478 1810 555 1860 Velut
569 1819 602 1860 ex
621 1809 758 1875 composito
771 1812 851 1861 utrin-

105 1903 154 1955 que
165 1887 260 1953 figoum
277 1891 386 1958 receptui
397 1889 483 1940 datum
494 1907 500 1939 :
517 1887 658 1954 redutlique
668 1887 695 1939 in
706 1891 781 1940 callra
791 1907 852 1958 pro·

106 1970 139 2034 pe
149 1981 220 2032 aquo
230 1969 313 2018 Marte
324 1967 489 2018 discesserunt.
507 1967 588 2034 plures
600 1967 722 2018 tamenab
733 1970 853 2022 Romanis

106 2043 297 2110 ptimoincursu
312 2047 425 2118 equitum
437 2045 585 2096 ceciderunt.
620 2045 681 2095 lude
690 2043 806 2110 consuler,
822 2053 854 2096 ut

13 2158 17 2166 .
105 2131 247 2172 averterent
259 2123 343 2190 Capua
360 2123 533 2185 Hannibalem,
550 2119 630 2182 nosse,
647 2136 702 2186 quae
715 2117 798 2173 secuta
809 2123 852 2189 ell,

108 2197 207 2262 diversa
224 2199 327 2249 Fulvius
338 2199 364 2248 ln
375 2193 462 2264 agrurn
475 2203 621 2263 cumanum,
640 2198 754 2250 claudius
762 2199 788 2251 io
799 2203 854 2252 Lu-

98 2289 182 2327 veanoe
198 2275 269 2326 abiit.
296 2277 399 2326 Postero
416 2276 465 2341 die,
483 2292 559 2344 quum
570 2293 650 2327 vacua
659 2278 733 2329 casira
744 2278 790 2332 esse
799 2284 853 2332 Ro·

105 2367 238 2402 manorum
251 2355 397 2404 nunciatum
406 2353 539 2404 Hannibali
548 2354 614 2419 esset,
632 2356 657 2406 dr
668 2355 764 2407 duobus
771 2360 852 2423 agnis*

107 2429 181 2478 nlbur
192 2428 304 2478 diversor
312 2429 412 2490 abliffe;
428 2431 535 2482 incertus
547 2434 633 2499 prinu),
645 2439 728 2484 utrum
740 2434 852 2502 sequere-

108 2513 160 2567 tur,
179 2505 289 2568 Appiano
303 2505 389 2554 institit
405 2506 482 2573 sequi.
516 2510 569 2574 lile,
586 2511 753 2564 circumdatio
773 2513 851 2578 holle,

108 2587 158 2649 qua
170 2579 261 2643 voluit,
277 2581 327 2631 alio
339 2583 425 2632 itinere
434 2586 466 2634 ad
478 2589 589 2654 Capuam
603 2590 684 2640 rediit.
718 2593 854 2646 Hannibali

107 2661 159 2713 alia
176 2659 202 2707 in
221 2657 258 2707 hir
274 2657 336 2708 locis
349 2659 415 2709 bene·
423 2664 532 2725 gerenda
543 2669 580 2716 rei
590 2666 690 2718 fortuna
706 2670 791 2720 oblata
807 2671 852 2720 est.

106 2735 297 2790 Memnonios
315 2734 363 2786 suit
380 2741 528 2801 cognomine
545 2745 652 2806 Paenula,
670 2743 767 2809 infignir
785 2747 852 2797 inter

106 2813 228 2883 primipili
245 2814 401 2865 centurione·
417 2816 442 2866 dt
459 2820 627 2883 magnitudine
638 2823 749 2888 corporis
760 2823 785 2873 dc
796 2823 852 2874 aui·

106 2905 159 2941 mo.
177 2892 205 2950 ir,
221 2889 362 2958 perfundor
379 2894 474 2957 militia,
492 2911 535 2962 per
554 2899 581 2945 Ρ.
601 2898 744 2948 Cornelium
761 2896 854 2950 Sullam

107 2976 238 3034 pretorem
249 2969 275 3017 io
288 2968 398 3018 senatum
410 2970 570 3034 introdutlur‚
588 2976 674 3038 petita
685 2976 804 3036 Patribus,
820 2989 851 3022 u-

106 3040 302 3111 tisibiquioque
312 3045 389 3100 ubba
399 3047 649 3104 militumvdarenturt.
667 3053 703 3116 Se,
717 3052 812 3117 peritum
823 3049 852 3098 d·

446 3123 470 3179 Β
486 3137 504 3187 c
785 3122 851 3189 ΜΗ*
