2076 3612
173 189 207 242 3⁸
437 182 472 230 T.
508 180 603 228 le
620 177 664 226 11

169 269 260 319 licioris
269 268 299 318 ad
311 269 418 335 posteros
430 285 520 318 nomen
534 268 620 335 Appii,
638 265 704 333 quud
716 266 784 316 viatn
799 270 921 334 munivit,

172 348 297 410 &aquam
309 349 334 394 in
355 346 441 394 urbem
451 345 533 407 duxit,
552 361 629 409 eaque
639 360 701 394 unus
713 344 834 410 perfecit;
852 349 921 413 quia,

172 423 205 472 ob
218 422 335 476 infamem
346 435 419 489 atque
432 423 581 474 invidiosam
593 422 689 471 senatus
704 421 836 474 lessionem
849 442 921 476 vere-

172 501 261 551 cundid
275 501 362 566 vissus,
375 505 468 567 collega
480 503 621 566 magistratu
633 501 830 552 seabdicaverat.
866 510 920 572 Ap-

172 582 234 646 pius,
250 581 302 644 jam
314 582 371 632 inde
382 583 516 646 antiquitus
533 580 629 630 inlitam
647 583 807 647 pertinaciam
819 581 921 634 samilire
950 638 957 643 ,
1024 567 1029 584 “’

172 659 288 722 gerendo,
306 658 369 709 solus
382 659 507 708 censuram
520 659 638 709 obtinuit.
672 658 768 708 Eodem
781 661 865 725 Appio
877 677 921 710 au-

171 734 245 810 sipre,
257 739 349 800 Potitii,
362 753 427 802 gens,
447 737 516 799 cujus
528 736 558 786 ad
569 751 637 784 atam
654 737 793 784 Maximam
806 739 920 789 Herculis

170 815 290 866 sarniliarc
303 814 465 865 sacerdotium
477 814 565 876 suerat,
578 813 662 862 servos
674 815 791 880 publicos,
809 817 918 866 ministe-

170 892 201 940 rii
211 892 338 956 delegandi
350 893 429 955 causi,
443 889 551 941 solennia
561 891 612 952 ejus
624 888 685 938 sacri
694 890 820 940 docuerat.
850 897 917 942 Tra-

169 969 236 1018 ditur
253 970 310 1018 inde
330 968 395 1020 disin
413 970 533 1028 mirabile,
552 968 576 1017 δι
596 966 663 1032 quod
683 966 840 1018 dimovendis
854 971 916 1020 llatu

169 1045 214 1097 suo
227 1045 305 1097 sacris
323 1049 465 1113 religionem
485 1047 565 1096 sacere
583 1044 668 1112 posset,
687 1061 762 1109 quum
781 1047 916 1098 duodecim

168 1126 268 1177 familia
289 1130 316 1176 ea
333 1127 472 1192 tempestate
492 1126 642 1174 Potitiorum
663 1124 744 1187 essent,
763 1125 866 1191 puberes
883 1127 916 1177 ad

169 1206 278 1266 triginta,
296 1219 381 1252 omnes
401 1205 465 1251 intra
484 1217 575 1249 annum
595 1216 651 1249 cum
672 1201 744 1266 slirpc
767 1202 914 1252 exstinslos:

168 1294 213 1328 nec
225 1293 316 1328 nomen
329 1282 425 1326 tantum
442 1276 591 1326 Potitiorum
607 1275 720 1336 interisse,
738 1276 776 1324 sed
790 1277 916 1329 censorem

167 1357 243 1404 etiam
253 1358 372 1422 Appium,
390 1353 493 1402 memori
505 1354 588 1408 Deum
599 1353 643 1418 irai,
661 1353 714 1421 poll
725 1354 821 1421 aliquot
837 1371 916 1408 annos

168 1433 303 1482 luminibus
318 1445 427 1497 captum.

202 1516 287 1560 XXX.
307 1515 392 1576 Iraque
402 1509 519 1571 consules,
537 1510 646 1586 quicum
657 1525 750 1560 annum
763 1509 837 1562 secuti
851 1511 916 1586 sunt,

167 1593 199 1638 C.
211 1589 298 1652 Junius
311 1589 433 1638 Bubulcus
446 1589 548 1637 tertium
565 1588 590 1638 δι
609 1592 642 1651 Q.
653 1589 765 1638 AEmilius
777 1590 880 1638 Barbula
892 1592 913 1638 i·

165 1678 255 1729 lerum,
273 1669 347 1716 initio
359 1669 416 1717 anui
432 1669 508 1732 quelli
520 1666 583 1733 apud
597 1668 727 1732 populum,
745 1668 914 1720 deformatum

165 1744 274 1794 ordinem
292 1761 369 1811 prava
385 1745 489 1794 sessione
502 1744 605 1806 senatus,
623 1745 672 1809 qui
690 1746 798 1810 potiores
815 1747 912 1810 aliquot

165 1822 232 1872 leuis
244 1825 360 1890 praeteriti
373 1809 463 1872 essent
457 1833 643 1885 Unegaverunt
661 1837 715 1871 eam
727 1823 855 1872 sessionem
877 1823 909 1886 se,

164 1917 219 1966 quae
228 1901 276 1949 sine
288 1901 346 1952 resii
357 1904 477 1970 pravique
486 1901 624 1952 discrimine
636 1899 667 1950 ad
678 1902 782 1965 gratiam
792 1917 820 1950 ac
829 1901 913 1952 libidr-
914 1945 919 1954 .

163 1993 222 2028 nem
239 1979 302 2030 fassa
321 1981 386 2045 essct,
404 1981 592 2032 observaturos:
611 1979 636 2028 δι
655 1977 765 2026 senatum
783 1981 911 2045 extemplo

163 2059 305 2108 citaverunt
326 2077 356 2108 eo
374 2060 468 2119 ordine,
486 2059 528 2120 qui
549 2066 605 2104 ante
630 2053 741 2102 censores
762 2059 812 2118 Ap.
839 2058 911 2106 Clau·

162 2137 232 2186 dium
245 2137 269 2186 ἃ
281 2141 310 2184 C.
321 2137 442 2184 Plautium
455 2134 542 2182 suerat.
578 2134 610 2178 Et
624 2130 673 2178 duo
686 2131 790 2194 imperia
799 2146 829 2180 eo
841 2149 913 2183 atino

160 2213 214 2261 dari
226 2223 305 2278 coepta
317 2228 360 2277 per
377 2210 503 2275 populum,
521 2217 624 2270 utraque
644 2207 792 2271 pertinentia
808 2207 838 2257 ad
854 2225 907 2262 rem

144 2279 292 2340 ‘militarem
304 2306 309 2336 :
322 2303 407 2346 unum,
418 2298 445 2335 ut
457 2286 550 2334 tribuni
562 2285 669 2334 militum
682 2282 733 2332 seni
740 2283 797 2334 deni
812 2288 837 2336 in
849 2306 909 2354 qua-

160 2379 218 2416 tuor
238 2367 375 2430 legionesa
392 2365 485 2430 populo
505 2373 663 2420 crearentur;
681 2377 735 2426 quae
756 2375 836 2428 antea,
854 2383 910 2433 per·

159 2461 235 2512 quam
248 2447 331 2511 paucis
343 2442 457 2506 suffragio
470 2443 555 2509 populi
573 2439 659 2492 relisiis
673 2440 741 2502 locis,
759 2443 913 2498 disiatorum

161 2525 186 2575 ἃ
198 2523 325 2575 consulum
334 2522 409 2570 serme
424 2521 522 2572 fuerant
533 2519 661 2570 beneficia.
681 2519 757 2570 tulere
770 2538 825 2572 eam
834 2541 909 2588 rogat-¹

158 2605 253 2654 tionem
265 2601 357 2649 tribuni
375 2600 454 2666 plebei
472 2602 503 2648 L.
519 2601 617 2661 Atilius,
636 2601 665 2646 C.
680 2603 798 2652 Marcius.
835 2604 905 2652 Alte-

159 2695 223 2739 rum,
240 2689 268 2727 ur
277 2678 421 2728 duumviros
431 2679 529 2728 navales
545 2677 619 2728 classis
631 2679 746 2729 ornandae
757 2681 906 2730 reficiendae-

158 2771 208 2823 que
220 2757 292 2806 causd
302 2756 367 2805 idem
382 2757 489 2825 populus
496 2756 603 2820 juberet.
620 2756 685 2806 lator
700 2757 771 2822 hujus
784 2757 907 2845 plebisciti

158 2835 207 2885 suit
218 2838 258 2884 M
270 2836 360 2884 Decius
369 2835 482 2886 tribunus
492 2835 578 2903 plebis.
613 2833 728 2897 Ejusdem
738 2836 794 2884 anni
806 2850 859 2884 rem
867 2834 906 2886 di-

158 2911 199 2962 uu
215 2927 318 2978 parvam
336 2915 491 2980 praeterirem,
514 2914 540 2962 ni
557 2911 588 2962 ad
608 2912 753 2976 religionem
773 2901 826 2960 vila
846 2911 907 2964 esset

158 2993 287 3066 pertinere.
323 2991 460 3060 Tibicines,
477 2994 535 3064 qiua
549 2991 670 3064 prohibiti
681 2995 695 3042 l
706 2989 829 3120 proximps
845 3004 914 3118 Ἑιι

224 3105 228 3112 -
819 3081 847 3122 or
875 3081 907 3120 ua
