2126 3642
358 259 526 317 ntaett
560 259 662 321 xxtrr.
831 241 894 328 aa?

129 353 186 409 lilnt
198 353 302 427 perlata,
319 359 435 408 omnibus
448 357 539 408 omiffis
550 357 631 420 rebus,
643 353 719 406 ambo
732 354 833 422 duces,
822 369 882 422 Jun-

132 435 176 486 elis
187 439 274 504 copiis,
292 439 328 484 irc
345 437 448 485 obviarn
467 437 559 506 coeptis
570 446 644 500 atquc
657 433 768 483 obsistere
779 445 882 502 parant,

132 515 205 564 ratisr
219 514 362 578 Hannibali,
380 513 426 563 vix
436 529 479 580 per
491 509 515 561 sc
527 512 570 580 ipsi
583 509 712 562 tolerando
722 513 799 564 Italiae
810 505 884 576 hosti,

132 591 269 642 Hasdrubal
285 593 338 642 dux
355 603 428 658 atquc
441 589 605 658 Hispaniensis
623 591 745 641 exercitus
757 591 833 642 esset'
823 607 882 656 Jun-

133 669 192 733 uus,
210 673 279 720 illum
292 672 399 722 Romani
410 669 502 720 finem
494 670 594 738 imperii
605 667 668 720 sore.
704 671 750 720 Hls
759 672 829 722 anxii
838 685 883 723 cu·

132 748 166 798 ris
183 749 214 798 ad
232 750 334 808 Iberum
352 747 502 798 contrahunt
516 747 614 815 copias;
632 746 665 810 dc,
683 745 784 798 transito
802 763 885 816 amne,

132 841 208 890 quum
228 825 271 875 diu
291 823 472 888 consultassent,
491 830 575 876 utrum
594 825 668 872 castra
685 824 766 874 callris
784 825 884 878 'confer-

132 914 195 964 rent,
212 919 243 952 an
264 901 320 953 satis
341 904 468 966 haberent,
485 901 558 952 sociis
576 891 821 964 ·Karthaginienfinm
836 899 888 972 op-'

133 973 286 1047 pugnandlc'
297 981 389 1032 morari
400 979 432 1028 ab
444 979 531 1028 itinere
544 977 671 1046 proposito
680 977 782 1042 hostem,
796 981 885 1032 urbem

133 1062 148 1106 a
166 1059 308 1124 propinquo
327 1055 427 1108 flumine
444 1057 543 1107 lberam
555 1053 715 1123 appellatam,
733 1058 884 1124 opulcntiffi-

132 1147 201 1186 mam
219 1139 248 1184 ea
268 1139 407 1204 tempestate
425 1134 534 1202 regionis
549 1134 610 1198 ejus,
628 1147 775 1200 oppugnare
788 1145 884 1202 parant.

132 1213 201 1279 quod
213 1214 256 1262 ubl
269 1215 339 1264 senst
348 1213 494 1278 Hasdrubal,
506 1223 553 1280 pro
565 1227 613 1278 ope
622 1209 724 1262 serenda
736 1211 818 1277 sociis,
828 1228 884 1282 per·

133 1291 228 1359 gitipse
240 1294 276 1342 ire
288 1293 319 1344 ad
325 1290 539 1358 urbem,deditam
550 1290 663 1357 nupcrln
675 1289 749 1340 fidem
756 1291 885 1343 Romanou

133 1385 196 1440 rum,
216 1371 419 1440 oppugnandam.
440 1372 474 1421 ita
485 1365 537 1434 jam
549 1378 628 1436 coepta
641 1368 738 1420 obsidio
755 1369 842 1422 omissa
851 1371 887 1422 al>

132 1448 252 1500 Romanis
264 1452 306 1514 esi,
316 1449 341 1501 ἃ
353 1447 469 1518 inipsum
481 1443 659 1498 Hasdrubalem
671 1447 771 1499 versum
780 1448 884 1500 bellum.

167 1519 267 1577 XXIx'.
286 1529 407 1594 Quinque
418 1525 524 1576 millium
536 1519 673 1580 ‘intervallo
682 1527 760 1578 ‘castra
771 1526 889 1584 distantia

132 1603 243 1654 habuere
255 1623 345 1674 paucos
357 1607 423 1658 dies:
442 1621 487 1656 nec
504 1604 553 1655 stne
564 1603 662 1656 levibus
674 1603 774 1676 preliis,
791 1619 837 1659 nec
855 1602 894 1661 ut'

121 1683 160 1751 (in
180 1685 260 1734 aciem
278 1685 385 1736 exirent.
412 1684 511 1734 tandem
529 1699 580 1734 uno
601 1683 737 1751 eodemque
756 1683 796 1746 die
813 1688 885 1738 velut

131 1777 166 1812 cx
178 1763 315 1830 composito
326 1752 441 1832 utrinque
453 1763 554 1830 fignum'
565 1774 654 1831 pugna
665 1764 819 1832 propositum
831 1763 864 1814 est
874 1769 896 1814 ε’

133 1849 208 1904 atque
221 1841 337 1891 omnibus
360 1841 438 1908 copiis
460 1841 486 1890 in
510 1853 627 1906 campum
650 1837 802 1888 descensum.
824 1839 885 1888 Tri-

92 1943 94 1946 ·
132 1916 194 1984 plex
212 1915 276 1966 stetit
294 1921 407 1968 Romana
422 1918 496 1967 acics.
523 1916 629 1966 velitum
645 1915 780 1982 pateinter
796 1914 884 1966 antest-

132 2007 229 2058 gnanos
240 1993 337 2060 locam,-
348 2009 402 2064 pars
414 1995 468 2064 post
480 1993 547 2059 figna
558 2003 668 2062 accepta,
687 1991 782 2058 equites
791 2007 886 2042 cornua

133 2073 245 2122 cinxere.
279 2071 416 2140 Hasdrubal
433 2069 540 2124 mediam
557 2071 636 2121 aciem
654 2069 769 2138 Hispanis
784 2067 885 2121 firmat:

132 2151 160 2200 in
172 2149 297 2216 cornibus,
314 2151 405 2203 dextro
423 2155 512 2203 Poen‘os
529 2151 607 2215 locat,
621 2151 688 2201 lavo
703 2145 779 2200 Afros
790 2163 884 2200 mercc-

132 2229 310 2296 nariorumque
319 2227 428 2282 auxilia:
447 2231 559 2296 equilum
568 2227 689 2280 Numidas
699 2231 831 2280 Poenorum
840 2243 884 2298 pe·

132 2303 234 2370 ditibus,
252 2318 346 2360 ceteros
365 2307 433 2358 Astis
451 2323 496 2375 pro
516 2305 635 2378 cornibus
651 2307 767 2374 opponit.
791 2321 837 2357 nec
854 2322 884 2358 o·

131 2395 202 2433 mnes
214 2381 329 2436 Numida
340 2385 366 2434 in
378 2383 468 2436 dextro
480 2387 555 2437 locati
568 2398 655 2449 cornu,
673 2383 713 2435 scd
725 2384 823 2452 quibus,
841 2384 885 2435 de-

133 2459 254 2512 fultotum
270 2463 300 2516 in
317 2463 429 2529 modum,
448 2465 521 2532 binos
541 2465 695 2516 trahentibus
715 2479 793 2531 equos
819 2465 887 2530 inter

131 2540 278 2592 acerrimam
286 2535 353 2612 'sape
367 2553 480 2610 'pugnam
498 2545 524 2594 in
535 2556 661 2595 recentem
673 2558 765 2612 equum
778 2557 810 2596 ex
822 2543 885 2596 felib

41 2615 47 2622 '
132 2619 233 2668 armatis
252 2619 396 2672 transultare
416 2637 471 2672 moa
493 2631 560 2672 crat:
585 2633 654 2673 tanta
676 2623 797 2672 velocitas
818 2621 885 2690 ipsis,

133 2703 234 2762 tamque
245 2697 326 2748 docile
343 2714 465 2766 equorum
482 2711 558 2765 genus
570 2700 611 2750 cll.
648 2705 734 2772 Quum
746 2701 795 2750 hoc
806 2700 885 2750 modo

130 2773 240 2825 inssrueli
256 2775 355 2842 starent,
375 2779 554 2846 imperatorum
574 2777 702 2844 utriusque
721 2779 797 2846 partis
817 2776 884 2830 haud
944 2827 949 2834 .

131 2849 211 2904 ferne
229 2851 337 2922 dispares
354 2857 407 2924 spes
424 2868 503 2908 crant.
524 2868 582 2907 nam
600 2869 632 2910 ne
648 2856 759 2907 mulsum
774 2856 885 2928 quidem,

131 2939 177 2980 aut
195 2945 308 2998 numero,
324 2945 368 2984 aut
387 2948 476 3000 genere
495 2933 613 2999 militum,
630 2933 657 2984 hi
678 2943 721 2984 aut
740 2933 774 3002 illi
787 2933 885 3000 praella-

130 3005 203 3058 bant.
238 3008 366 3062 Militibus
378 3013 452 3078 longe
468 3011 550 3082 dispar
561 3013 657 3063 animus
668 3015 729 3062 era't.
764 3012 887 3064 Romania

130 3099 211 3158 mm,
224 3101 364 3160 quanquam
376 3091 464 3162 procul
475 3091 579 3162 &patria
590 3099 738 3162 pugnarent,
731 3083 819 3212 ,iffi
828 3099 885 3212 {gt

815 3176 827 3208 e
896 3194 900 3198 .
