2130 3642
181 220 273 296 ιμ’
436 225 666 282 ιιιιιιιι

178 315 319 385 eonspcshs
331 321 345 370 a
356 317 467 382 Messana
484 317 616 370 duodecim
628 334 705 370 naves
716 317 748 371 ab
759 319 870 374 Hierone
886 337 929 378 rea

177 409 209 462 ge
219 393 428 461 Syracusanorum
440 394 522 460 missar,
540 394 583 462 qui
596 408 650 446 tum
664 396 728 448 sorte
740 398 855 452 Messanae
863 414 926 468 erat,
981 441 985 450 ,

177 472 305 524 consulem
320 479 463 525 Romanum
474 477 614 542 opperiens,
631 475 700 525 nullo
715 490 868 544 repugnante
884 495 927 530 ca·

177 562 232 620 pras
244 569 320 604 naves
331 551 466 606 Messanam
479 554 505 604 in
515 565 616 620 portum
629 554 796 606 deduxerunt.
833 559 928 626 Cogni-
969 591 972 596 -
1052 546 1057 554 ¹

176 641 231 692 tum
242 633 400 700 exeaptivis,
417 643 505 699 praeter
517 633 608 697 viginti
619 649 705 698 naves,
723 635 794 698 cujus
808 635 852 702 ipsr
867 633 928 686 clas·

176 709 206 763 ῆι
223 709 307 772 essent,
324 711 350 760 in
363 709 461 760 Itasranr
472 708 560 772 missas,
578 711 731 776 quinque&
748 713 930 777 triginta’aliu
986 722 990 726 ’

138 781 143 790 ’
174 788 365 855 quinqueremes
383 788 488 841 Siciliam
506 799 592 854 petere
603 788 635 838 ad
650 789 818 842 sollicitandos
830 805 928 852 veteres

174 865 266 918 socios.
300 864 408 931 Lilybaei
425 865 564 932 occupandi
588 867 737 933 praecipuam
756 883 840 918 curam
860 869 926 925 esset

174 943 275 1003 credere
285 941 370 993 eidem
382 943 532 1008 tempestate,
550 945 598 1010 qua
611 943 654 1010 ipfi
665 943 758 1008 disjesti
766 945 858 1010 forent,
870 963 926 1006 eam
959 963 963 968 ·

174 1037 275 1090 quoque
284 1019 380 1070 classem
397 1020 428 1070 ad
443 1022 543 1083 AEgates
554 1020 780 1086 insulasdejesiam.
802 1028 862 1074 Haec
880 1025 925 1076 snc-

114 1149 117 1156 ,
174 1107 205 1151 ut
222 1097 307 1148 audita
321 1107 399 1160 erant,
416 1110 463 1146 rex
475 1099 513 1144 M.
525 1096 626 1146 AEmilio
637 1100 746 1164 praetori,
765 1099 926 1164 cujussicilit

173 1187 228 1228 erat
244 1175 384 1243 provincia,
402 1173 540 1242 perscribit,
564 1187 706 1241 monetque,
723 1178 866 1244 Lilybaeum
883 1180 926 1244 sir·

173 1269 219 1308 mo
231 1264 325 1305 teneret
340 1253 458 1320 praesdio.
478 1279 481 1288 ν
482 1254 630 1321 Extemplo
640 1255 665 1304 &
674 1255 741 1306 circa
750 1269 881 1328 praetorem
893 1255 924 1308 ad
977 1281 980 1285 ·

97 1365 102 1374 -
172 1333 289 1386 civitates
298 1331 358 1382 missr
369 1331 442 1396 legati
453 1331 604 1398 tribunique,
622 1332 664 1396 qui
681 1331 737 1382 suos
746 1333 777 1382 ad
786 1349 870 1383 curam
880 1349 925 1383 cu·

172 1409 257 1464 nodia
272 1393 443 1470 intenderent;
460 1419 517 1460 ante
530 1411 614 1460 omnia
626 1410 767 1476 Lilybaeum
778 1411 873 1464 teneri:
891 1409 924 1463 ad

172 1500 320 1558 apparatum
333 1488 399 1550 belli,
416 1485 496 1538 edisio
509 1488 645 1555 proposito,
662 1499 690 1538 ut
698 1488 760 1538 socu
771 1488 871 1540 navales
880 1487 925 1540 de

173 1581 228 1617 neor
243 1565 340 1616 dierum
355 1565 424 1626 costa
439 1565 532 1630 cibaria
546 1565 579 1636 qd
591 1565 815 1627 navesdeserrent;
831 1567 876 1616 obi
893 1559 924 1618 sr-

172 1659 251 1710 gnum
263 1643 347 1694 datum
355 1641 422 1706 esset,
439 1643 539 1708 nequis
553 1659 651 1694 moram
664 1643 844 1694 conscendendi
858 1644 927 1698 sace·

172 1733 227 1778 ret:
246 1738 341 1789 perque
350 1735 452 1780 omnem
467 1736 537 1770 oram
549 1721 592 1785 qui
610 1732 689 1782 erant,
705 1737 739 1772 ex
750 1721 854 1790 speculis
865 1737 924 1788 pro·

118 1845 123 1850 .
146 1836 150 1848 .
172 1797 482 1870 spicerent'aduentantenr
494 1797 601 1848 hostium
614 1797 719 1848 classem.
741 1789 825 1848 .Simul
839 1799 925 1866 itaque

172 1881 327 1945 (quanquam
344 1879 375 1929 de
393 1877 509 1929 indrnrria
526 1876 623 1937 morati
629 1877 728 1926 cursum
738 1877 842 1927 navium
855 1886 925 1928 erant

172 1958 398 2022 Karthaginienses,
415 1967 443 2007 ut
454 1965 521 2010 ante
520 1947 604 2004 iucem
616 1953 761 2006 accederent
772 1955 924 2026 Lilybaeumj

171 2036 321 2106 praesensum
333 2047 416 2088 tamen
428 2033 469 2096 est,
478 2034 536 2098 quta
548 2033 574 2082 ἃ
585 2033 643 2086 luna
656 2043 822 2101 peruenerit,
832 2033 857 2084 a
867 2033 924 2084 sub·

171 2113 229 2168 latis
239 2101 400 2182 armameirtis
408 2112 560 2173 venieban25
577 2112 705 2178 extemplo
717 2111 801 2162 danum
811 2115 825 2162 e
836 2111 924 2186 specu·

172 2191 203 2244 lis
215 2190 318 2254 srgnum,
336 2189 379 2238 &¹
373 2204 398 2237 ιιι
410 2187 505 2255 oppido
521 2187 552 2238 ad
564 2204 632 2240 anna
644 2188 827 2256 conclamatum
836 2187 878 2251 ess,
896 2187 924 2258 ἃς

171 2267 288 2330 innoves
308 2265 482 2330 conscensum.
502 2280 555 2334 pars
572 2263 705 2328 militurn
698 2281 724 2314 m
741 2265 818 2316 muris
835 2275 922 2331 porta·

172 2351 278 2414 ruthque
300 2344 452 2405 stationibus,
469 2359 524 2411 pars
544 2345 569 2396 in
583 2343 689 2397 navibus
703 2351 783 2392 erant.
806 2343 838 2392 Et
858 2338 922 2392 Kar-

173 2419 346 2488 thaginienses,
363 2421 423 2492 quia
438 2436 491 2470 rem
507 2415 563 2486 sore¹
580 2421 647 2474 haud
661 2434 717 2468 cnm
728 2418 857 2485 imparatis
868 2433 922 2468 cer·

173 2501 274 2561 nebant,
292 2498 369 2564 usque
377 2498 497 2548 adiutem
508 2509 583 2565 portu
595 2497 619 2548 se
629 2497 811 2560 abstinuerunt„
823 2494 922 2548 demen-

173 2580 211 2634 dis
227 2577 384 2626 armamentis
403 2591 434 2625 eo
454 2585 567 2641 tempore
584 2576 740 2644 aptandaque
759 2573 791 2624 ad
814 2587 923 2642 pugnarn

175 2654 246 2712 ebusse
257 2651 397 2718 absumpto.
432 2653 480 2700 Ubi
492 2652 583 2713 illuxit,
601 2669 714 2721 recepere
731 2651 827 2704 classem
844 2651 870 2700 in
887 2653 923 2703 al·

174 2743 238 2804 tum,
254 2740 283 2780 ut
302 2727 408 2798 spatium
429 2743 517 2796 pugnae
538 2725 603 2796 essct,
620 2733 768 2798 exitumque
787 2727 924 2784 liberume

82 2803 88 2806 ’
163 2815 253 2881 'portu
263 2825 340 2860 naves
351 2805 457 2860 hostium
473 2808 600 2862 baberent.
618 2813 672 2864 Nec
687 2808 795 2870 Romani
806 2806 923 2864 detrcsia·

174 2902 236 2939 vere
251 2879 367 2956 pugnam,
384 2883 409 2934 tc
423 2885 578 2941 memorii'
558 2884 629 2938 crsca
638 2901 666 2936 ea
678 2887 730 2954 ipsa
739 2885 794 2956 lora
803 2883 925 2950 gestarunt

173 2979 261 3028 terum
272 2964 337 3024 freti,
347 2957 497 3014 &militum
509 2963 668 3020 multitudine
678 2977 706 3012 ac
719 2951 822 3012 virtute.

175 3047 244 3106 L
259 3043 323 3100 Ubi
317 3059 344 3098 ιιι
355 3041 432 3124 altum
444 3037 525 3098 cretis
532 3039 598 3114 sune,
606 3043 733 3098 Romanus
742 3035 869 3126 conserere
875 3049 926 3166 ιζ
947 3011 953 3020 ’

713 3141 717 3146 ·
844 3129 894 3194 gna
