2140 3640
170 229 244 284 nutv
328 269 332 285 .
419 223 489 282 Ἰ’Ῑὶ
524 231 682 288 Ltv‘rr

184 333 228 387 qne
237 319 334 386 coestiiir,
350 321 449 388 pomam
460 323 533 372 omnia
542 341 583 374 nen
594 325 676 390 ricem,
693 343 737 395 que
744 327 820 396 Μαί,
832 329 944 398 servate-

186 413 248 450 mr.
283 403 322 450 ita
334 401 452 466 obtinuit,
469 409 506 452 uti
517 403 636 468 legiones,
654 406 715 456 ficut
733 407 874 460 consulibus
885 423 947 463 mor

184 476 255 545 esiet,
272 481 336 546 inter
353 479 377 530 se
393 481 540 532 dividerent.
568 483 649 550 prima
667 486 692 538 dc
709 497 798 552 quarta
815 491 941 550 Minucio,
988 477 991 486 ¹

177 557 294 608 secunda
305 559 331 609 dr
342 559 415 610 tertia
426 561 506 615 Fabio
520 572 667 612 evenerunt.
703 566 767 614 Item
780 567 874 630 equites
886 570 943 635 pari

184 650 302 701 numero,
319 637 465 705 sociumque
482 639 605 690 &Latini
622 641 730 692 nominis
742 643 837 693 auxi-iia
848 645 941 696 dicist-

184 725 247 766 runt
256 715 361 767 icastris
372 716 398 767 se
410 733 511 786 qnoque
522 718 630 786 separari
642 720 756 785 magister
765 721 879 787 equitum
891 739 943 774 vo<

184 793 245 846 init.
319 811 321 816 ·
759 805 762 814 '

221 871 351 922 xxvm.
364 872 466 939 Duplex
475 873 535 923 inde
546 873 681 926 Hannibali
692 876 812 940 gaudium
823 879 885 929 suit:
897 893 942 929 ne·

182 963 237 1018 que
253 950 321 1000 enim
339 951 472 1018 quiequam
483 967 579 1017 eorum,
597 967 652 1018 que
664 955 732 1021 apud
744 956 823 1006 hostes
835 971 938 1022 ageren-

185 1037 236 1095 tur,
254 1045 312 1080 eum
328 1029 437 1096 sallebat,
454 1019 480 1082 ir
497 1030 606 1098 perfugit
622 1033 702 1081 multa
718 1033 893 1098 indicantibus,
910 1035 939 1086 ἀ

184 1113 231 1178 per
242 1109 298 1161 suos
309 1111 490 1178 explorantem.
514 1123 572 1165 nam
584 1109 726 1161 &liberam
738 1113 846 1163 Minucii
858 1124 937 1162 teme·

184 1189 287 1242 ritatem
298 1188 322 1239 se
334 1188 379 1240 suo
390 1187 467 1239 modo
479 1197 644 1256 captatnmm,
662 1189 688 1240 dr
700 1189 803 1240 solertia
814 1191 886 1242 Fabii
898 1191 937 1242 di·

183 1267 291 1320 midium
302 1267 396 1317 virium
407 1265 536 1318 deceffisse.
570 1267 696 1321 Tumulus
714 1278 767 1317 erat
784 1269 850 1318 inter
860 1269 938 1320 castra
1003 1299 1007 1305 -

184 1344 295 1397 Minucii
308 1347 499 1412 Peenotumque.
522 1359 581 1394 eum
592 1346 636 1411 qui
647 1343 792 1412 occupasset,
810 1344 876 1395 haud
887 1346 938 1396 du-

184 1422 227 1476 bic
244 1424 393 1491 iniquiorem
413 1419 467 1475 erat
485 1422 549 1475 hosii
565 1425 650 1474 iocum
665 1422 783 1474 saiiunn.
808 1438 866 1474 eum
881 1437 937 1475 non

127 1541 132 1553 .
182 1512 238 1554 tam
255 1515 342 1569 capere
359 1499 409 1552 sine
426 1501 560 1552 certamine
577 1500 682 1551 volebat
695 1499 827 1561 Hannibal,
844 1501 936 1566 (quan-

140 1621 142 1626 ,
182 1579 260 1649 quam
270 1579 295 1630 id
306 1588 388 1648 opera
400 1580 508 1648 pretium
520 1581 582 1643 erat)
599 1584 672 1646 qnam
685 1575 782 1628 causam
794 1579 936 1630 certaminis

183 1657 243 1709 e'um
255 1658 378 1722 Minucio,
396 1671 469 1724 quem
486 1653 582 1724 semper
599 1655 760 1706 occursurum
776 1654 808 1705 ad
819 1654 935 1705 obsisten-

182 1732 246 1786 dum
257 1733 315 1784 satis
327 1731 430 1797 sciebat,
448 1732 602 1783 contrahere.
630 1733 698 1796 Ager
708 1731 790 1782 omnis
801 1730 896 1780 medius
908 1745 935 1779 e-

182 1822 224 1866 rat
235 1811 313 1882 primi
321 1809 401 1878 speeie
408 1807 504 1860 inutilis
513 1808 659 1870 insidiatori,
677 1808 736 1874 quia
748 1821 799 1858 non
810 1805 889 1856 modo
897 1805 936 1856 iil·
976 1856 981 1865 ,

179 1892 262 1952 vestre
278 1889 421 1958 quicquam,
447 1886 488 1938 sed
507 1903 539 1938 ne
557 1887 677 1954 vepribus
699 1885 801 1952 quidem
818 1885 937 1940 vestitum
1035 1935 1040 1942 ,

180 1969 305 2024 babebat:
322 1983 350 2020 re
362 1968 414 2036 ipsi
425 1975 497 2017 natue
508 1965 618 2031 tegendis
631 1961 731 2027 insidiis,
739 1977 772 2013 eo
780 1962 858 2026 magis
868 1960 939 2028 quud

181 2043 210 2103 i'n
225 2051 291 2104 nuda
305 2051 371 2101 valle
385 2049 451 2101 nulla
462 2049 518 2100 talis
529 2045 596 2097 fraus
608 2043 690 2094 timeri
703 2051 809 2110 poterat.
827 2039 853 2089 dr
864 2051 936 2091 etant

129 2113 133 2120 ’
181 2125 378 2180 inamiraiiibus
391 2141 459 2177 mvn
470 2119 716 2194 rupes‚utquredam
731 2115 937 2170 earumducenoc
1025 2123 1027 2126 ·
1060 2195 1061 2204 ¹

181 2215 292 2258 armatos
305 2203 399 2274 possent
410 2219 507 2271 capere.
541 2205 572 2252 In
587 2201 630 2249 has
642 2195 755 2260 latebras,
774 2203 837 2262 quot
848 2205 937 2261 quetu-

114 2329 120 2339 .
142 2275 143 2280 ¹
181 2298 234 2350 que
245 2285 329 2334 locum
339 2285 395 2349 apte
406 2281 507 2332 insidere
518 2288 643 2350 poterant,
661 2277 771 2343 quinque
785 2273 862 2324 miliia
872 2287 936 2324 eon-

181 2362 277 2416 dnntur
294 2359 406 2429 peditum
422 2361 595 2429 equitumque.
612 2355 705 2428 necubi
723 2367 808 2405 tamen
818 2362 863 2402 aut
877 2365 935 2402 mo·

182 2449 224 2496 ius
235 2433 338 2508 alicuius
355 2449 447 2490 temere
459 2439 552 2504 egressi,
568 2447 612 2488 aut
629 2425 718 2500 fulgor
728 2440 854 2485 armorum
865 2429 936 2480 irau-

181 2515 241 2572 dem
252 2519 279 2568 in
290 2515 355 2567 valle
368 2527 419 2566 tam
430 2525 516 2584 aperta
526 2515 660 2580 detegeret,
672 2508 746 2563 missia
759 2510 843 2580 paucis
855 2507 937 2583 primi

177 2597 237 2654 suee
247 2595 278 2648 ad
289 2595 445 2662 capiendum,
464 2609 539 2664 quem
550 2591 607 2644 anti
617 2592 735 2656 diximus,
753 2589 889 2650 tumulum,
905 2601 936 2635 a·
994 2621 998 2630 .

181 2672 261 2732 vertit
278 2673 364 2727 oculor
379 2673 495 2724 hostiurn.
531 2673 617 2723 Primo
635 2671 715 2722 statim
730 2663 862 2733 conspeiiu
873 2678 939 2715 con-

181 2745 279 2824 ie‘mpta
290 2753 416 2822 paucitas:
435 2769 464 2802 ac
479 2750 526 2802 ubi
543 2750 646 2820 quisque
664 2747 796 2818 deposcere
808 2743 939 2814 pellendos
1005 2811 1008 2815 .
1059 2745 1060 2782 ἲ

135 2859 138 2869 ·
180 2832 241 2889 inde
252 2829 343 2882 hostes.
361 2829 392 2880 ad
403 2827 488 2880 locum
499 2827 648 2898 capiendum
663 2825 716 2876 dux
727 2823 781 2892 ipse
787 2822 858 2872 inter
868 2819 940 2877 stoli.

179 2911 289 2965 diffimos
299 2903 507 2973 ferociiiimosque
518 2905 551 2958 ad
561 2917 629 2956 anna
649 2911 727 2978 voept
733 2919 741 2963 ς
759 2899 785 2950 it
796 2896 939 2948 varicant-

80 3045 84 3050 ,
181 2985 351 3046 cnis&'minic
362 2985 473 3055 increpat
484 2985 585 3038 hostem.
620 2981 748 3048 Principio
759 2977 842 3028 ierem
853 2989 940 3027 arma-

180 3081 266 3152 quram
278 3065 390 3135 dimittit,
412 3063 501 3120 deiude
517 3060 755 3130 oonienoagmine
767 3059 848 3113 mittit
862 3055 940 3121 equi·

253 3163 255 3170 ,
537 3152 561 3170 ..
787 3153 823 3172 ,,,
842 3157 846 3166 ,
866 3141 939 3194 ,Μῖ
