2126 3642
344 222 513 286 ntnn'n
546 231 648 284 xxiv.
822 207 867 296 2'61

111 318 179 383 'toto
191 324 305 378 exercint
318 323 419 390 delegit,
432 322 593 388 tribunosque
602 325 671 374 viros
682 322 758 374 fortes
770 325 805 374 eis
816 341 877 391 pra·

120 408 192 470 iecit,
210 406 236 454 ἃ
253 404 346 453 milites
363 403 501 464 sexcentos,
522 411 646 470 quantum
659 399 715 451 satis
733 401 814 451 visum
831 403 875 464 cst,

120 483 255 535 attribuit:
274 479 375 546 eosque,
394 480 437 528 ubi
455 488 548 543 quartae
560 477 652 540 vigilia
663 477 757 542 signum
772 477 876 528 cecinis-

121 559 169 622 set,
181 559 281 608 adeum
294 558 378 606 locum
391 555 465 606 scalas
474 553 541 618 jullit
553 553 625 602 ferre.
660 556 734 604 Porta
746 556 780 605 ibi
791 555 876 605 humi·

122 639 153 686 lis
169 638 194 686 dt
208 635 308 700 angusta
323 645 384 698 erat,
402 633 444 682 via
456 631 607 697 infrequenti
623 647 666 698 per
681 631 799 682 desertam
818 649 876 700 par·

124 725 177 765 tem
189 713 271 762 urbis:
284 701 339 761 eam
352 721 450 778 portam
460 708 529 758 scalis
540 710 608 774 priris
617 707 772 772 transgressos
780 709 809 759 ad
818 725 875 760 mu·

124 807 182 842 rum
198 805 307 856 pergere,
324 790 350 838 dt
361 803 394 838 ex
415 787 532 837 interiore
547 796 617 852 parte
632 786 660 836 vi
674 786 774 836 claustra
786 787 875 838 restin-

120 883 183 933 gere
191 869 271 931 jubet,
289 868 434 917 &tenentes
448 874 542 931 partem
554 863 622 936 urbis
638 865 715 914 cornu
725 866 819 930 sgnum
831 869 875 918 da-

122 960 159 1008 te,
177 955 206 993 ut
221 955 308 994 cetera
324 943 404 1009 eopiae
419 941 628 990 admoverentur:
646 951 730 1005 parata
741 945 825 993 omnia
837 955 875 996 at-

122 1019 175 1090 que
187 1019 300 1072 inlituila
316 1021 365 1071 sese
376 1019 529 1070 habiturum.
565 1019 602 1066 Ea
620 1017 725 1083 impigre
743 1020 805 1069 salla
816 1023 875 1086 :·dt,

124 1100 196 1166 quod
208 1099 409 1166 impedimentum
420 1097 552 1162 agentibus
564 1095 618 1144 sore
628 1095 768 1160 videbatur,
786 1098 809 1146 id
822 1115 876 1148 ma-

125 1179 198 1228 nimi
208 1177 240 1227 ad
251 1177 382 1226 fallendum
394 1175 501 1238 adjuvit.
521 1174 609 1236 imber,
619 1174 650 1222 ab
662 1175 733 1224 noile
742 1177 823 1226 media
833 1195 876 1226 co·

24 1321 25 1324 Ἴ
122 1265 205 1320 ortus,
223 1256 332 1306 custodes
347 1253 492 1320 vigilesque,
509 1251 636 1318 dilapsos&
648 1253 801 1316 stationibus,
818 1256 876 1306 sub-

123 1335 212 1399 sugere
226 1335 252 1384 in
267 1335 328 1384 teila
341 1336 439 1398 co'e‘git:
459 1333 591 1396 sonituque
600 1333 682 1396 primo
693 1335 805 1397 largioris
816 1333 876 1403 pro·

121 1415 192 1463 cella:
212 1413 339 1480 ilrepitum
360 1411 517 1462 molientium
538 1420 636 1476 portam
656 1413 769 1462 exaudiri
788 1414 876 1480 probi·-

122 1491 195 1552 buit;
213 1493 305 1544 lentior
315 1491 404 1542 deinde
413 1490 579 1558 aequaliorque
589 1490 701 1540 accidens
712 1490 876 1553 auribus-ma·

50 1623 53 1638 ,
124 1583 200 1634 gaam
213 1579 306 1635 partem
318 1570 448 1618 hominum
461 1567 563 1634 sopivit.
583 1567 713 1632 Postquam
727 1573 824 1636 portam
837 1582 887 1628 te·,

123 1655 242 1709 nuerunt,
260 1646 395 1696 cornicines
407 1646 433 1694 in
448 1645 491 1694 via
508 1645 608 1711 paribus
623 1645 759 1698 intervallis
773 1647 875 1714 dispoli-

122 1733 165 1774 tos
177 1737 264 1773 canere
279 1723 375 1787 jubent,
393 1732 421 1772 ut
438 1721 563 1773 consulem
582 1722 704 1772 excirent.
740 1724 769 1774 Id
781 1726 825 1774 um
836 1725 874 1775 sa·
892 1719 896 1722 ’

45 1844 52 1854 ,
122 1800 191 1852 ilum
203 1816 237 1852 ex
254 1801 391 1869 composito
408 1800 450 1864 eil,
468 1799 534 1864 signa
546 1798 626 1848 efferri
643 1799 728 1850 consul
747 1801 828 1864 jubet,
845 1817 875 1852 ac

122 1881 199 1948 paulo
211 1892 268 1932 ante
284 1881 364 1931 lucem
377 1895 421 1948 per
437 1877 561 1929 cistellam
573 1871 672 1944 portam
688 1877 775 1928 urbem
792 1879 875 1945 ingre·
925 1937 928 1944 .

125 1961 205 2009 ditur.

157 2039 269 2086 van.
288 2040 357 2088 Tum
375 2036 476 2088 demum
494 2035 573 2086 hostes
590 2033 694 2086 excitati
706 2032 770 2098 sunt,
785 2034 837 2100 jam
849 2037 876 2089 dt

123 2113 203 2164 imbre
220 2113 416 2181 conquiescente,
435 2115 461 2164 ἃ
478 2113 619 2181 propinqui
636 2111 700 2161 luce.
735 2113 876 2164 Praesrdium

120 2193 150 2242 in
159 2192 220 2242 urbe
234 2204 287 2244 erat
299 2194 454 2254 Hannibalis,
472 2187 665 2257 quinquemillia
681 2190 758 2241 sermo
770 2203 876 2244 armato·

121 2284 177 2320 rum
187 2287 193 2319 ε
202 2269 228 2320 dt
238 2269 282 2336 ipsi
293 2271 382 2337 Arpini
392 2271 439 2319 tria
451 2270 528 2320 millia
541 2269 670 2318 hominum
680 2271 817 2322 armabant.
831 2287 874 2324 eor

120 2349 215 2416 primos
225 2349 301 2411 Poeni,
311 2348 409 2415 nequid
419 2349 451 2398 ab
462 2359 534 2412 tergo
543 2347 634 2398 scaudis
645 2347 710 2413 esset,
721 2351 783 2400 hosii
791 2367 873 2419 oppo·
947 2339 951 2345 ⁸

120 2424 231 2474 suerunt.
249 2428 387 2489 Pugnatum
399 2428 481 2494 primo
491 2427 517 2476 in
530 2426 637 2476 tenebris
651 2428 807 2496 angustisque
823 2431 873 2481 viis
887 2488 890 2492 ,

122 2499 175 2548 est:
194 2513 271 2562 quum
286 2502 393 2550 Romani
409 2517 459 2560 non
474 2504 529 2554 viae
543 2507 648 2566 tantum,
665 2502 706 2554 sed
724 2504 785 2554 teila
798 2507 874 2558 etiam

122 2574 242 2644 proxima
253 2585 339 2640 porte,
352 2576 514 2642 occupassent,
532 2593 562 2628 ne
572 2581 622 2646 peti
635 2579 772 2648 superniac
785 2584 874 2634 vulne·

121 2653 171 2704 rari
187 2649 293 2718 possent.
315 2654 415 2717 cogniti
428 2654 490 2704 inter
499 2655 522 2706 se
531 2658 630 2724 quidam
642 2653 873 2727 Arpiniquc&Ro-

119 2731 190 2782 mani
200 2747 207 2790 ;
218 2739 294 2796 atque
302 2729 359 2780 inde
368 2731 491 2799 colloquia
500 2746 579 2802 coepta
589 2735 651 2799 lieri,
659 2737 874 2804 pereunilantibus

117 2811 249 2876 Romanis,
254 2809 318 2875 ¹quid
328 2810 372 2860 fibi
380 2810 471 2864 vellent
479 2815 585 2880 Arpini?
594 2805 710 2878 quam'ob
718 2832 811 2868 noxam
820 2823 873 2870 tto·

119 2903 261 2959 manorum,
272 2889 340 2955 quod
349 2901 392 2941 aut
400 2893 516 2942 meritum
525 2897 665 2954 Poenorum,
673 2909 719 2960 pro
728 2898 873 2963 alienigenis
900 2893 901 2897 ¹

116 2969 276 3033 debacharis,
284 2967 365 3022 Italici
375 2971 492 3022 adversus
498 2981 596 3020 veteres
602 2969 682 3022 socios
690 2976 817 3026 Romanos
822 2977 873 3026 bel·

117 3045 828 3120 lumgererent‚&vesligalemaellipendiariamltaliarn
836 3059 872 3106 A·

115 3125 215 3178 ‘Tum
234 3125 272 3200 ΙΙ,
516 3129 550 3194 ρ,
569 3199 571 3204 ,
801 3130 871 3183 iricae
