2076 3612
377 189 542 241 nrnnn
576 191 625 240 ix.
855 202 887 250 ς,

122 281 223 331 foribus
231 291 305 332 erant
323 281 350 330 in
362 281 412 331 aede
424 281 495 346 Jovis
507 279 582 344 vesci,
602 278 669 345 quod
686 280 804 334 traditum
816 281 881 330 anti·

123 361 209 423 quitus
221 372 285 423 erat,
304 375 368 422 aegre
385 358 450 425 palli,
468 357 552 407 Tibur
569 375 620 408 uno
639 360 736 422 agmine
750 361 879 410 abierunt:

125 435 191 486 adeo
202 448 231 486 ut
243 453 321 486 nemo
334 439 360 485 in
380 437 442 484 urbe
454 434 511 485 esset
531 437 573 501 qui
594 436 717 487 sacrificiis
729 439 881 505 praecineret.

126 514 187 576 Ejus
198 517 235 564 rei
248 515 340 579 religio
353 514 432 562 tenuit
444 511 553 562 senatum
564 533 572 573 ;
588 513 729 580 legatosque
742 516 824 564 Tibur
835 515 881 564 mi·

127 591 218 654 serunt,
235 608 267 641 ur
279 593 367 642 darent
379 605 489 658 operam,
505 602 534 640 ut
546 592 571 640 hi
587 592 699 640 homines
710 593 830 650 Romanis
840 607 879 641 re-

127 670 298 736 stituerentur.
317 669 454 730 Tiburtini,
472 670 576 733 benigne
587 670 701 736 polliciti,
719 671 827 737 primum
840 685 880 720 ac·

127 749 190 798 citos
202 765 247 798 eos
261 751 287 797 in
301 750 395 798 curiam
405 749 496 797 hortati
509 746 572 808 suot,
591 750 628 797 uti
640 759 820 799 reverterentur
830 753 881 799 Ro-

124 843 210 876 mam:
236 815 368 893 postquam
390 827 491 893 perpelli
512 826 656 891 nequibant,
680 827 790 890 confilio,
814 825 881 876 haud

126 905 290 966 abhorrente*
300 903 333 951 ab
353 904 457 966 ingeniis
476 903 615 961 hominum,
632 919 676 952 eos
692 905 880 966 aggrediuntur.

127 981 178 1029 Die
190 979 252 1027 sesto
272 979 314 1027 alii
331 980 392 1028 alios
404 994 448 1044 per
468 977 575 1044 speciem
587 967 795 1031 celebrandarum,
805 991 880 1028 cantu

127 1057 260 1122 epularum
280 1056 349 1106 causb
367 1056 486 1115 invitant,
504 1055 529 1103 &
541 1055 611 1113 vino,
631 1055 701 1117 cujus
718 1056 820 1103 avidum
832 1055 881 1103 ser-

129 1149 171 1182 me
183 1137 260 1197 gen'us
278 1134 316 1194 cll,
333 1143 449 1182 oneratos
461 1130 579 1198 sopiunt:
597 1141 672 1196 atque
684 1132 720 1180 ita
737 1133 763 1180 in
778 1131 883 1197 plaustra

127 1207 219 1260 somno
230 1208 327 1259 vinslos
345 1208 493 1272 conjiciunt,
511 1225 540 1257 ac
552 1211 659 1257 Romam
670 1207 811 1274 deportant.
835 1223 882 1256 nec

128 1288 197 1354 prius
218 1285 319 1348 sensere,
337 1291 420 1352 quam,
437 1286 547 1352 plaustris
565 1286 590 1334 in
610 1284 666 1334 soro
682 1283 777 1346 relislis,
794 1285 883 1352 plenos

128 1363 237 1430 crapulae
249 1379 291 1412 eos
302 1365 346 1426 lux
358 1361 483 1430 oppressit.
519 1366 545 1411 T
547 1377 594 1412 unc
606 1362 736 1412 concursus
748 1363 833 1430 populi
843 1361 883 1412 sa·

128 1443 190 1502 slus,
208 1443 402 1507 impetratoque,
418 1452 447 1490 ut
462 1451 596 1505 manerent,
615 1440 707 1504 datum,
726 1452 753 1490 ut
770 1441 881 1490 triduum

128 1521 265 1585 quotannis
278 1521 367 1580 ornati,
385 1534 442 1567 cum
455 1529 528 1567 cantu
543 1528 617 1583 atque
629 1520 682 1582 hac,
701 1535 754 1584 quae
766 1535 832 1570 nunc
844 1518 882 1568 so-

129 1599 208 1648 lennis
220 1597 263 1659 esi,
280 1597 381 1646 licentia
392 1612 436 1662 per
446 1597 534 1646 urbem
546 1611 711 1662 vagarentur:
730 1599 881 1648 rcssitutum-

130 1677 223 1743 quein
242 1675 293 1725 aede
310 1673 425 1724 vescendi
443 1675 482 1737 jus
501 1675 539 1737 iis,
559 1677 602 1740 qui
617 1676 690 1726 sactis
705 1677 885 1742 praecinerent.

131 1759 189 1805 llaec
201 1754 269 1802 inter
287 1753 395 1804 duorum
411 1753 548 1818 ingentium
567 1753 687 1804 bellorum
705 1769 790 1804 cutam
810 1769 880 1820 gere·

131 1831 232 1882 bantur.
669 1875 672 1880 .

164 1907 268 1957 XXXI.
287 1905 405 1956 Consules
416 1906 480 1957 inter
491 1905 516 1956 se
528 1906 671 1973 provincias
688 1907 787 1970 partiri;
805 1907 884 1970 Junio

131 1976 260 2048 Samnites,
278 1985 380 2034 AEtnilio
397 2000 494 2034 novum
507 1984 600 2032 bellum
613 1983 711 2032 Etruria
728 1980 793 2030 sorte
804 1983 885 2032 obve-

127 2067 178 2132 ¹nit.
213 2067 244 2114 In
256 2065 356 2113 Samnio
370 2063 494 2124 Cluviam,
512 2061 649 2129 prasrdium
662 2063 812 2120 Romanum,
824 2061 885 2126 quia

132 2143 280 2208 nequiverat
301 2142 328 2188 vi
344 2140 408 2206 capi,
426 2133 629 2190 obseffum‘fame
641 2139 667 2188 in
679 2136 829 2189 deditionem
841 2154 884 2188 ac·

133 2228 249 2286 ceperant
262 2219 392 2277 Samnites,
417 2216 610 2282 verberibusque
627 2215 720 2265 sendum
737 2216 763 2265 in
779 2215 884 2267 modum

132 2298 252 2346 laceratos
264 2294 407 2344 occiderant
419 2293 524 2343 deditos.
558 2294 624 2344 Huic
635 2291 743 2342 infensus
755 2292 884 2344 crudelita-

132 2377 151 2424 ti
163 2375 260 2438 Junius,
277 2371 339 2422 nihil
353 2372 478 2435 antiquius
495 2372 683 2437 oppugnatione
703 2359 825 2425 Clu'viana
841 2388 881 2422 ra-

133 2463 180 2513 tus,
196 2466 250 2517 quo
266 2448 306 2498 die
322 2446 446 2512 aggressus
463 2447 495 2496 est
512 2449 609 2510 moenia,
627 2449 654 2496 vi
672 2447 746 2514 cepit,
764 2459 837 2513 atque
852 2463 881 2498 o·

133 2543 200 2578 mnes
213 2528 316 2596 puberes
328 2524 462 2574 intersecit.
497 2524 558 2574 Inde
573 2523 654 2574 vision
671 2526 793 2575 exercitus
805 2527 882 2576 Bovi-

133 2619 209 2654 anum
226 2602 322 2653 duetus.
341 2613 416 2668 caput
434 2603 483 2652 hoc
500 2612 554 2652 erat
568 2604 717 2652 Pentrorum
726 2604 883 2668 Samnitium,

132 2683 205 2748 longe
216 2681 361 2733 ditissimum
372 2691 445 2746 atque
460 2680 668 2748 opulentissimum
679 2682 753 2750 ermis
762 2682 882 2748 virisque.

134 2761 173 2813 lbi
185 2763 244 2827 quia
256 2759 324 2809 haud
344 2769 440 2810 tantum
459 2761 550 2810 irarum
562 2770 622 2823 etat,
640 2757 680 2826 spe
691 2758 777 2827 praedae
789 2762 882 2810 milites

135 2839 234 2900 accensi,
251 2835 347 2904 oppido
368 2837 505 2903 potiuntur.
522 2839 604 2888 minus
624 2839 707 2904 itaque
725 2835 836 2888 savirum
854 2840 883 2888 in

137 2915 213 2966 helles
229 2915 277 2964 esl:
297 2911 384 2980 praedae
397 2913 450 2979 plus
468 2920 538 2984 pene,
556 2921 629 2981 quem
641 2929 674 2965 ex
693 2916 762 2964 omni
782 2917 884 2968 Samnio

138 3007 252 3064 uuquam,
269 2993 388 3060 egenum,
406 2992 560 3064 benigneque
579 2995 658 3048 omnis
675 2994 749 3072 militi
761 2993 885 3122 contellgl.¹
