2058 3642
324 217 379 272 Lt
396 217 414 271 B
431 217 491 272 ER
524 219 638 272 XXVII.
793 217 842 279 ξπ

79 301 174 368 sensit,
192 305 216 356 δε
228 305 288 373 ipse,
305 302 426 375 patesaill
443 309 545 372 repente
555 309 636 373 porti,
648 305 722 357 setox
734 303 847 374 in'holies

84 386 216 451 erumpit.
251 387 283 434 Et
294 386 383 454 primo,
400 385 481 448 magis
492 377 551 448 quia
563 385 702 451 improviso
711 385 736 434 id
745 383 845 446 fecerat,

85 467 179 527 quam·
190 461 255 528 quod
276 477 320 529 par
334 463 431 512 viribus
450 459 515 521 esset,
533 475 621 526 anceps
638 472 762 511 certamen
783 473 845 511 erat.

86 539 194 602 deinde,
208 551 236 588 ut
249 539 413 606 supervenere
424 537 548 601 Numida,
566 548 648 587 tantus
657 553 737 605 pavor
748 542 847 590 Roma-

86 617 133 665 nis
145 616 179 664 cll
191 615 300 679 injesius,
318 627 347 665 ut
359 613 442 680 pallim
453 612 484 664 ad
495 629 564 662 marc
579 629 608 662 ac
623 623 699 664 nates
716 614 846 679 sugerent;

85 693 184 743 relicus
201 693 318 760 operibus
338 689 515 756 machinisque,
535 691 725 756 quibus‘muros
743 693 845 758 quatie-

87 768 165 824 bant.
200 762 240 822 Ita
251 771 362 822 adventu
372 769 519 822 Hannibalis
533 766 614 819 soluta
625 771 763 834 Locrorum
781 770 844 823 obst-

87 847 139 898 elio
152 848 195 898 eil.
838 871 841 879 ⁴

127 928 229 976 XXIX.
249 925 383 994 Crispinus,
402 922 531 992 postquam
543 923 568 974 in
582 924 692 974 Bruttios
709 923 845 993 proleelnm

86 1003 260 1054 Hannibalem
272 1004 351 1064 sensit,
369 1003 520 1064 exercitum,
539 1003 579 1051 cui
595 1002 690 1069 collega
702 1003 844 1069 prasumat,

88 1081 132 1130 M.
147 1081 294 1130 Marcellum
306 1080 434 1130 tribunum
451 1080 559 1128 militum
571 1077 703 1128 Venusiam
720 1079 844 1148 abducere

85 1155 169 1222 jussit.
195 1157 254 1225 ipse,
272 1158 329 1208 cum
350 1156 491 1222 legionibus
511 1156 559 1207 suis
580 1160 691 1224 Capuam
710 1155 843 1224 proselitis,

88 1236 141 1286 vix
153 1235 244 1290 lestieae
258 1238 420 1302 agitationem
431 1227 482 1304 pra
496 1234 618 1301 gravitate
630 1235 762 1286 vulnerum
776 1238 847 1304 pati-

87 1327 144 1377 enr,
164 1318 270 1366 Romam
285 1317 365 1366 literas
380 1316 410 1366 dc
419 1325 501 1366 morte
510 1315 610 1380 collega
620 1313 721 1382 scripsit,
739 1325 846 1381 quanto·

88 1407 143 1459 quc
161 1392 250 1460 ipsein
267 1394 408 1462 discrimine
425 1391 491 1443 esset.
527 1394 555 1441 Se
571 1393 705 1442 comitiorum
722 1394 786 1442 carrd
805 1409 846 1442 non

86 1468 148 1535 polle
159 1472 250 1521 Romam
262 1473 355 1522 venire:
371 1473 422 1540 qnia
440 1487 477 1521 nec
491 1471 533 1520 vie
546 1469 638 1522 calorem
647 1469 744 1538 pafflcrus
756 1471 844 1520 videre·

87 1553 137 1607 rur,
155 1546 183 1596 (α’
194 1548 220 1594 de
231 1550 325 1598 Tarento
330 1549 435 1613 sollicitus
445 1548 502 1616 effic,
518 1565 545 1598 ne
556 1563 582 1599 ex
593 1549 690 1598 bruttiis
700 1549 810 1600 ffinnibal
820 1550 844 1598 eb

90 1629 230 1673 convaleret
240 1639 326 1690 agmen.
344 1626 437 1691 Legatos
449 1637 501 1690 opas
512 1624 551 1688 effe
560 1626 620 1689 adse
632 1625 700 1686 milti,
716 1627 778 1675 viror
786 1638 843 1692 pru·

91 1696 186 1746 denies:
201 1712 250 1747 cum
256 1697 340 1765 quibus,
352 1715 394 1765 que
404 1699 479 1760 vellet,
496 1699 522 1747 de
532 1697 639 1765 republica
650 1701 778 1767 loqueretur.
797 1703 844 1752 Hae

91 1772 171 1824 litera
182 1776 290 1826 recitata
301 1789 419 1840 magnum
430 1772 455 1824 ἃ
471 1771 564 1824 sussum
579 1785 661 1824 morte
671 1775 771 1824 alterius
780 1791 841 1828 con·

92 1847 160 1913 solis,
178 1850 203 1902 ἃ
215 1861 309 1902 metum
319 1851 349 1902 <lc
360 1851 438 1904 altem
449 1849 570 1902 secerunt.
606 1853 693 1916 Itaque
705 1851 730 1902 ἃ
744 1856 778 1916 Q.
791 1855 844 1902 Fa-

92 1927 165 1980 bium
177 1929 255 1981 filium
266 1931 297 1982 ad
315 1931 454 1982 exercitum
471 1928 604 1980 Venusiam
614 1929 757 2002 miserunt:
776 1929 844 1984 &aa

93 2006 219 2058 consulem
231 2020 278 2061 tres
292 2011 366 2076 legati
378 2008 449 2072 missi,
467 2011 535 2060 Sext.
552 2005 634 2072 Julius
645 2007 736 2072 ,Casan
754 2011 785 2060 L.
800 2011 844 2060 Li·
923 2047 927 2053 .

90 2084 174 2136 einins
185 2087 273 2152 Pollio,
285 2091 317 2139 1..
329 2089 429 2138 Cincius
440 2088 588 2146 Alimentus,
605 2101 682 2154 quum
691 2087 776 2156 paucis
787 2091 845 2141 ante

93 2163 180 2215 diebus
192 2179 225 2216 ex
242 2168 323 2218 sicilia
340 2165 445 2216 redisset.
480 2166 515 2217 Hi
531 2164 650 2216 nunciare
669 2165 764 2215 consuli
779 2165 843 2232 julii,

63 2263 66 2272 ·
91 2255 129 2309 ut,
147 2244 163 2296 ss
181 2245 212 2298 ad
229 2248 332 2298 comitia
350 2246 400 2314 ipse
415 2250 522 2297 Romam
535 2245 622 2295 venire
633 2259 684 2294 non
698 2242 783 2311 posset,
800 2243 843 2295 di-

92 2323 209 2375 statorcm
223 2327 250 2376 in
264 2342 326 2391 agro
341 2329 458 2376 Romano
473 2324 567 2376 diceret
584 2323 745 2374 comitiorum
757 2324 839 2374 causa·

94 2401 117 2455 si
128 2401 211 2452 consul
224 2407 363 2455 Tarentum
374 2402 499 2471 prosestus
510 2401 577 2465 ess'et,
591 2405 624 2468 Q.
637 2399 768 2450 Claudium
780 2413 841 2468 prae·

94 2489 174 2529 torem
187 2480 282 2546 placere
298 2483 324 2531 in
342 2497 397 2532 eam
414 2483 543 2547 regionem
554 2479 617 2554 inde
628 2479 751 2530 abducere
762 2480 841 2546 legio·
909 2535 911 2538 ,

94 2569 144 2616 nes,
160 2555 185 2604 in
197 2571 245 2620 qua
256 2557 373 2623 plurimas
384 2555 508 2609 sociorum
517 2557 591 2609 urbes
601 2557 666 2612 meri
678 2555 765 2624 posset.
792 2557 840 2608 lis·

94 2633 151 2684 elem
162 2633 241 2684 astate
251 2637 290 2683 M.
306 2635 419 2686 Valerius
429 2650 486 2686 cnm
498 2637 567 2686 class‘e
578 2648 678 2688 centum
693 2637 797 2686 navium
808 2649 842 2689 ex

96 2712 175 2766 sicilia
192 2712 218 2762 in
237 2713 347 2762 Africam
358 2713 503 2764 transmisit:
522 2715 556 2778 Be,
573 2715 605 2766 ad
622 2715 741 2782 Clupeam
752 2715 840 2766 urbem

96 2784 250 2842 exscensione
264 2789 335 2854 iasii,
351 2805 439 2855 agrum
456 2792 514 2854 late,
529 2791 599 2842 nullo
616 2790 785 2843 lemeobvio
797 2806 841 2843 ar·
934 2797 942 2810 ¹

97 2877 170 2930 mato,
187 2867 308 2918 vallabat.
326 2867 383 2922 inde
397 2868 428 2920 ad
443 2881 520 2920 naves
534 2871 625 2936 raptim
635 2868 781 2938 predatores
796 2883 841 2918 re·

97 2947 168 3014 cepti,
185 2947 243 3014 quia
251 2951 350 3015 repente
360 2947 427 2999 sama
436 2946 535 3012 accidit,
552 2947 648 2999 classem
661 2949 779 2998 Punicam
791 2947 841 2999 ad—

97 3035 206 3080 ventare.
223 3025 350 3096 ocloginca
359 3027 466 3083 eram&
480 3037 623 3106 conarer.
658 3029 722 3081 curn
733 3026 764 3076 iis
773 3025 839 3155 bant}

750 3118 829 3173 procu
