<?xml version="1.0" encoding="UTF-8"?>
<!DOCTYPE html PUBLIC "-//W3C//DTD XHTML 1.0 Transitional//EN"
    "http://www.w3.org/TR/xhtml1/DTD/xhtml1-transitional.dtd">
<html xmlns="http://www.w3.org/1999/xhtml" xml:lang="en" lang="en">
 <head>
  <title>
</title>
<meta http-equiv="Content-Type" content="text/html;charset=utf-8" />
  <meta name='ocr-system' content='tesseract 3.04.00' />
  <meta name='ocr-capabilities' content='ocr_page ocr_carea ocr_par ocr_line ocrx_word'/>
</head>
<body>
  <div class='ocr_page' id='page_1' title='image "./historiarumabur00livygoog_0120.png"; bbox 0 0 2130 3642; ppageno 0'>
   <div class='ocr_carea' id='block_1_1' title="bbox 280 239 862 318">
    <p class='ocr_par' dir='ltr' id='par_1_1' title="bbox 280 239 862 318">
     <span class='ocr_line' id='line_1_1' title="bbox 280 239 862 318; baseline -0.007 -11"><span class='ocrx_word' id='word_1_1' title='bbox 280 239 283 253; x_wconf 56' lang='lat'>‘</span> <span class='ocrx_word' id='word_1_2' title='bbox 367 253 535 306; x_wconf 77' lang='lat' dir='ltr'>Lttttttt</span> <span class='ocrx_word' id='word_1_3' title='bbox 568 251 604 306; x_wconf 66' lang='lat' dir='ltr'>is·</span> <span class='ocrx_word' id='word_1_4' title='bbox 815 265 862 318; x_wconf 70' lang='lat' dir='ltr'>try</span> 
     </span>
    </p>
   </div>
   <div class='ocr_carea' id='block_1_2' title="bbox 110 337 863 1018">
    <p class='ocr_par' dir='ltr' id='par_1_2' title="bbox 110 337 863 1018">
     <span class='ocr_line' id='line_1_2' title="bbox 141 337 860 406; baseline -0.011 -8"><span class='ocrx_word' id='word_1_5' title='bbox 141 343 247 398; x_wconf 75' lang='lat' dir='ltr'><strong>xuv.</strong></span> <span class='ocrx_word' id='word_1_6' title='bbox 265 339 390 391; x_wconf 69' lang='lat' dir='ltr'>Latitiam</span> <span class='ocrx_word' id='word_1_7' title='bbox 408 339 534 406; x_wconf 88' lang='lat' dir='ltr'>utriusque</span> <span class='ocrx_word' id='word_1_8' title='bbox 553 337 676 392; x_wconf 75' lang='lat' dir='ltr'>exoticus</span> <span class='ocrx_word' id='word_1_9' title='bbox 693 339 799 392; x_wconf 79' lang='lat' dir='ltr'>Romani</span> <span class='ocrx_word' id='word_1_10' title='bbox 814 355 860 390; x_wconf 83' lang='lat' dir='ltr'>au·</span> 
     </span>
     <span class='ocr_line' id='line_1_3' title="bbox 112 415 860 483; baseline -0.008 -11"><span class='ocrx_word' id='word_1_11' title='bbox 112 423 151 472; x_wconf 77' lang='lat' dir='ltr'>xit</span> <span class='ocrx_word' id='word_1_12' title='bbox 163 423 189 470; x_wconf 73' lang='lat' dir='ltr'>ec</span> <span class='ocrx_word' id='word_1_13' title='bbox 200 421 236 470; x_wconf 89' lang='lat' dir='ltr'>ab</span> <span class='ocrx_word' id='word_1_14' title='bbox 248 419 325 468; x_wconf 88' lang='lat' dir='ltr'>altera</span> <span class='ocrx_word' id='word_1_15' title='bbox 336 428 405 483; x_wconf 89' lang='lat' dir='ltr'>parte</span> <span class='ocrx_word' id='word_1_16' title='bbox 416 415 521 466; x_wconf 79' lang='lat' dir='ltr'>feliciter</span> <span class='ocrx_word' id='word_1_17' title='bbox 532 415 595 479; x_wconf 81' lang='lat' dir='ltr'>gella</span> <span class='ocrx_word' id='word_1_18' title='bbox 607 429 654 464; x_wconf 81' lang='lat' dir='ltr'>res.</span> <span class='ocrx_word' id='word_1_19' title='bbox 671 425 773 480; x_wconf 89' lang='lat' dir='ltr'>uterque</span> <span class='ocrx_word' id='word_1_20' title='bbox 784 431 816 468; x_wconf 82' lang='lat' dir='ltr'>ex</span> <span class='ocrx_word' id='word_1_21' title='bbox 824 417 860 466; x_wconf 83' lang='lat' dir='ltr'>el-</span> 
     </span>
     <span class='ocr_line' id='line_1_4' title="bbox 112 489 861 558; baseline -0.003 -13"><span class='ocrx_word' id='word_1_22' title='bbox 112 498 189 546; x_wconf 81' lang='lat' dir='ltr'>teriuc</span> <span class='ocrx_word' id='word_1_23' title='bbox 207 493 331 544; x_wconf 88' lang='lat' dir='ltr'>sententia</span> <span class='ocrx_word' id='word_1_24' title='bbox 347 492 432 542; x_wconf 88' lang='lat' dir='ltr'>consul</span> <span class='ocrx_word' id='word_1_25' title='bbox 448 503 547 558; x_wconf 88' lang='lat' dir='ltr'>captum</span> <span class='ocrx_word' id='word_1_26' title='bbox 566 491 685 558; x_wconf 89' lang='lat' dir='ltr'>oppidum</span> <span class='ocrx_word' id='word_1_27' title='bbox 696 489 861 558; x_wconf 89' lang='lat' dir='ltr'>diripiendum</span> 
     </span>
     <span class='ocr_line' id='line_1_5' title="bbox 111 567 861 632; baseline -0.004 -11"><span class='ocrx_word' id='word_1_28' title='bbox 111 574 189 622; x_wconf 83' lang='lat' dir='ltr'>militi</span> <span class='ocrx_word' id='word_1_29' title='bbox 201 570 288 631; x_wconf 81' lang='lat' dir='ltr'>dedit;</span> <span class='ocrx_word' id='word_1_30' title='bbox 306 570 428 619; x_wconf 80' lang='lat' dir='ltr'>exhaustis</span> <span class='ocrx_word' id='word_1_31' title='bbox 438 568 527 618; x_wconf 89' lang='lat' dir='ltr'>deinde</span> <span class='ocrx_word' id='word_1_32' title='bbox 542 567 608 617; x_wconf 79' lang='lat' dir='ltr'>teslis</span> <span class='ocrx_word' id='word_1_33' title='bbox 623 570 705 632; x_wconf 81' lang='lat' dir='ltr'>ignem</span> <span class='ocrx_word' id='word_1_34' title='bbox 717 569 817 631; x_wconf 74' lang='lat' dir='ltr'>injecit:</span> <span class='ocrx_word' id='word_1_35' title='bbox 835 582 861 618; x_wconf 90' lang='lat' dir='ltr'>e·</span> 
     </span>
     <span class='ocr_line' id='line_1_6' title="bbox 112 644 862 710; baseline -0.003 -12"><span class='ocrx_word' id='word_1_36' title='bbox 112 647 242 710; x_wconf 87' lang='lat' dir='ltr'>odemque</span> <span class='ocrx_word' id='word_1_37' title='bbox 253 647 293 696; x_wconf 90' lang='lat' dir='ltr'>die</span> <span class='ocrx_word' id='word_1_38' title='bbox 306 645 476 710; x_wconf 78' lang='lat' dir='ltr'>Aquilonia&amp;</span> <span class='ocrx_word' id='word_1_39' title='bbox 489 645 631 694; x_wconf 86' lang='lat' dir='ltr'>Cominium</span> <span class='ocrx_word' id='word_1_40' title='bbox 642 644 817 709; x_wconf 79' lang='lat' dir='ltr'>deflagravere.</span> <span class='ocrx_word' id='word_1_41' title='bbox 835 645 862 696; x_wconf 65' lang='grc' dir='ltr'><strong><em>ἃ</em></strong></span> 
     </span>
     <span class='ocr_line' id='line_1_7' title="bbox 110 719 861 784; baseline -0.005 -12"><span class='ocrx_word' id='word_1_42' title='bbox 110 723 237 784; x_wconf 84' lang='lat' dir='ltr'>consules,</span> <span class='ocrx_word' id='word_1_43' title='bbox 257 736 314 772; x_wconf 88' lang='lat' dir='ltr'>cum</span> <span class='ocrx_word' id='word_1_44' title='bbox 334 721 497 783; x_wconf 81' lang='lat' dir='ltr'>gratulatione</span> <span class='ocrx_word' id='word_1_45' title='bbox 516 730 601 768; x_wconf 86' lang='lat' dir='ltr'>mutua</span> <span class='ocrx_word' id='word_1_46' title='bbox 620 721 745 783; x_wconf 87' lang='lat' dir='ltr'>legionum</span> <span class='ocrx_word' id='word_1_47' title='bbox 762 719 861 784; x_wconf 87' lang='lat' dir='ltr'>suaque,</span> 
     </span>
     <span class='ocr_line' id='line_1_8' title="bbox 111 797 861 864; baseline -0.003 -14"><span class='ocrx_word' id='word_1_48' title='bbox 111 800 195 850; x_wconf 86' lang='lat' dir='ltr'>caslra</span> <span class='ocrx_word' id='word_1_49' title='bbox 210 800 374 861; x_wconf 88' lang='lat' dir='ltr'>conjunxere.</span> <span class='ocrx_word' id='word_1_50' title='bbox 408 801 438 846; x_wconf 90' lang='lat' dir='ltr'>In</span> <span class='ocrx_word' id='word_1_51' title='bbox 450 797 578 864; x_wconf 76' lang='lat' dir='ltr'>conspeslu</span> <span class='ocrx_word' id='word_1_52' title='bbox 589 797 694 846; x_wconf 89' lang='lat' dir='ltr'>duorum</span> <span class='ocrx_word' id='word_1_53' title='bbox 706 801 861 848; x_wconf 83' lang='lat' dir='ltr'>exercituum</span> 
     </span>
     <span class='ocr_line' id='line_1_9' title="bbox 114 873 863 942; baseline -0.003 -14"><span class='ocrx_word' id='word_1_54' title='bbox 114 877 144 928; x_wconf 74' lang='grc' dir='ltr'>ὰ</span> <span class='ocrx_word' id='word_1_55' title='bbox 157 875 283 924; x_wconf 82' lang='lat' dir='ltr'>Carvilius</span> <span class='ocrx_word' id='word_1_56' title='bbox 299 875 355 926; x_wconf 78' lang='lat' dir='ltr'>suos</span> <span class='ocrx_word' id='word_1_57' title='bbox 371 891 418 942; x_wconf 88' lang='lat' dir='ltr'>pro</span> <span class='ocrx_word' id='word_1_58' title='bbox 433 873 549 939; x_wconf 85' lang='lat' dir='ltr'>cujusque</span> <span class='ocrx_word' id='word_1_59' title='bbox 561 875 650 924; x_wconf 86' lang='lat' dir='ltr'>merito</span> <span class='ocrx_word' id='word_1_60' title='bbox 661 873 772 924; x_wconf 81' lang='lat' dir='ltr'>laudavit</span> <span class='ocrx_word' id='word_1_61' title='bbox 784 875 863 926; x_wconf 81' lang='lat' dir='ltr'>dona·</span> 
     </span>
     <span class='ocr_line' id='line_1_10' title="bbox 113 949 863 1018; baseline -0.005 -14"><span class='ocrx_word' id='word_1_62' title='bbox 113 953 223 1018; x_wconf 75' lang='lat' dir='ltr'>virque;</span> <span class='ocrx_word' id='word_1_63' title='bbox 241 954 267 1002; x_wconf 72' lang='grc' dir='ltr'><strong>ἃ</strong></span> <span class='ocrx_word' id='word_1_64' title='bbox 284 953 402 1018; x_wconf 82' lang='lat' dir='ltr'>Papirius,</span> <span class='ocrx_word' id='word_1_65' title='bbox 425 950 491 1018; x_wconf 89' lang='lat' dir='ltr'>apud</span> <span class='ocrx_word' id='word_1_66' title='bbox 511 963 585 1014; x_wconf 86' lang='lat' dir='ltr'>quem</span> <span class='ocrx_word' id='word_1_67' title='bbox 603 949 734 1014; x_wconf 81' lang='lat' dir='ltr'>multiplex</span> <span class='ocrx_word' id='word_1_68' title='bbox 753 951 779 1000; x_wconf 87' lang='lat' dir='ltr'>iu</span> <span class='ocrx_word' id='word_1_69' title='bbox 799 951 863 1015; x_wconf 85' lang='lat' dir='ltr'>acie,</span> 
     </span>
    </p>
   </div>
   <div class='ocr_carea' id='block_1_3' title="bbox 21 1026 863 1093">
    <p class='ocr_par' dir='ltr' id='par_1_3' title="bbox 21 1026 863 1093">
     <span class='ocr_line' id='line_1_11' title="bbox 21 1026 863 1093; baseline 0 -16"><span class='ocrx_word' id='word_1_70' title='bbox 21 1043 23 1065; x_wconf 65' lang='lat'>³</span> <span class='ocrx_word' id='word_1_71' title='bbox 114 1030 186 1078; x_wconf 85' lang='lat' dir='ltr'>circa</span> <span class='ocrx_word' id='word_1_72' title='bbox 196 1029 281 1092; x_wconf 76' lang='lat' dir='ltr'>eallra,</span> <span class='ocrx_word' id='word_1_73' title='bbox 297 1031 362 1079; x_wconf 88' lang='lat' dir='ltr'>circa</span> <span class='ocrx_word' id='word_1_74' title='bbox 379 1029 474 1090; x_wconf 86' lang='lat' dir='ltr'>urbem,</span> <span class='ocrx_word' id='word_1_75' title='bbox 492 1026 572 1078; x_wconf 84' lang='lat' dir='ltr'>suerat</span> <span class='ocrx_word' id='word_1_76' title='bbox 588 1037 722 1090; x_wconf 84' lang='lat' dir='ltr'>certamen,</span> <span class='ocrx_word' id='word_1_77' title='bbox 738 1030 779 1093; x_wconf 82' lang='lat' dir='ltr'>Sp.</span> <span class='ocrx_word' id='word_1_78' title='bbox 792 1030 863 1076; x_wconf 84' lang='lat' dir='ltr'>Nau·</span> 
     </span>
    </p>
   </div>
   <div class='ocr_carea' id='block_1_4' title="bbox 91 1099 869 1933">
    <p class='ocr_par' dir='ltr' id='par_1_4' title="bbox 91 1099 869 1933">
     <span class='ocr_line' id='line_1_12' title="bbox 116 1099 864 1172; baseline -0.008 -16"><span class='ocrx_word' id='word_1_79' title='bbox 116 1106 193 1167; x_wconf 85' lang='lat' dir='ltr'>tium,</span> <span class='ocrx_word' id='word_1_80' title='bbox 213 1109 254 1170; x_wconf 87' lang='lat' dir='ltr'>sp.</span> <span class='ocrx_word' id='word_1_81' title='bbox 267 1106 400 1172; x_wconf 78' lang='lat' dir='ltr'>Papirium,</span> <span class='ocrx_word' id='word_1_82' title='bbox 417 1103 498 1154; x_wconf 82' lang='lat' dir='ltr'>sratris</span> <span class='ocrx_word' id='word_1_83' title='bbox 515 1099 604 1163; x_wconf 83' lang='lat' dir='ltr'>filium,</span> <span class='ocrx_word' id='word_1_84' title='bbox 621 1101 646 1150; x_wconf 71' lang='lat' dir='ltr'>dc</span> <span class='ocrx_word' id='word_1_85' title='bbox 661 1109 768 1163; x_wconf 81' lang='lat' dir='ltr'>quatuor</span> <span class='ocrx_word' id='word_1_86' title='bbox 778 1111 864 1150; x_wconf 87' lang='lat' dir='ltr'>centu·</span> 
     </span>
     <span class='ocr_line' id='line_1_13' title="bbox 118 1174 866 1246; baseline -0.007 -16"><span class='ocrx_word' id='word_1_87' title='bbox 118 1181 213 1242; x_wconf 80' lang='lat' dir='ltr'>tiones,</span> <span class='ocrx_word' id='word_1_88' title='bbox 229 1182 430 1246; x_wconf 84' lang='lat' dir='ltr'>manipulumque</span> <span class='ocrx_word' id='word_1_89' title='bbox 450 1179 606 1238; x_wconf 79' lang='lat' dir='ltr'>hastatonrm,</span> <span class='ocrx_word' id='word_1_90' title='bbox 623 1175 721 1226; x_wconf 83' lang='lat' dir='ltr'>annillia</span> <span class='ocrx_word' id='word_1_91' title='bbox 738 1174 866 1245; x_wconf 84' lang='lat' dir='ltr'>aureisque</span> 
     </span>
     <span class='ocr_line' id='line_1_14' title="bbox 118 1251 864 1321; baseline -0.007 -15"><span class='ocrx_word' id='word_1_92' title='bbox 118 1257 220 1306; x_wconf 83' lang='lat' dir='ltr'>coronis</span> <span class='ocrx_word' id='word_1_93' title='bbox 231 1256 348 1309; x_wconf 85' lang='lat' dir='ltr'>donavit:</span> <span class='ocrx_word' id='word_1_94' title='bbox 367 1257 488 1308; x_wconf 85' lang='lat' dir='ltr'>Nautium</span> <span class='ocrx_word' id='word_1_95' title='bbox 500 1264 599 1321; x_wconf 87' lang='lat' dir='ltr'>propter</span> <span class='ocrx_word' id='word_1_96' title='bbox 610 1251 803 1319; x_wconf 84' lang='lat' dir='ltr'>expeditionem,</span> <span class='ocrx_word' id='word_1_97' title='bbox 815 1252 864 1317; x_wconf 73' lang='lat' dir='ltr'>qud</span> 
     </span>
     <span class='ocr_line' id='line_1_15' title="bbox 118 1328 865 1396; baseline -0.008 -12"><span class='ocrx_word' id='word_1_98' title='bbox 118 1333 207 1396; x_wconf 84' lang='lat' dir='ltr'>magni</span> <span class='ocrx_word' id='word_1_99' title='bbox 217 1333 321 1396; x_wconf 86' lang='lat' dir='ltr'>agminis</span> <span class='ocrx_word' id='word_1_100' title='bbox 332 1332 408 1383; x_wconf 90' lang='lat' dir='ltr'>modo</span> <span class='ocrx_word' id='word_1_101' title='bbox 420 1341 539 1382; x_wconf 85' lang='lat' dir='ltr'>terruerat</span> <span class='ocrx_word' id='word_1_102' title='bbox 550 1328 629 1378; x_wconf 81' lang='lat' dir='ltr'>hostes</span> <span class='ocrx_word' id='word_1_103' title='bbox 640 1347 646 1378; x_wconf 93' lang='lat'><strong>:</strong></span> <span class='ocrx_word' id='word_1_104' title='bbox 661 1329 781 1392; x_wconf 86' lang='lat' dir='ltr'>juvenem</span> <span class='ocrx_word' id='word_1_105' title='bbox 791 1329 865 1394; x_wconf 84' lang='lat' dir='ltr'>Papi·</span> 
     </span>
     <span class='ocr_line' id='line_1_16' title="bbox 119 1403 861 1474; baseline -0.003 -18"><span class='ocrx_word' id='word_1_106' title='bbox 119 1407 187 1456; x_wconf 83' lang='lat' dir='ltr'>rium</span> <span class='ocrx_word' id='word_1_107' title='bbox 198 1418 298 1474; x_wconf 91' lang='lat' dir='ltr'>propter</span> <span class='ocrx_word' id='word_1_108' title='bbox 308 1419 425 1458; x_wconf 86' lang='lat' dir='ltr'>navatam</span> <span class='ocrx_word' id='word_1_109' title='bbox 443 1421 500 1456; x_wconf 88' lang='lat' dir='ltr'>cum</span> <span class='ocrx_word' id='word_1_110' title='bbox 511 1405 620 1469; x_wconf 90' lang='lat' dir='ltr'>equitatu</span> <span class='ocrx_word' id='word_1_111' title='bbox 631 1404 655 1455; x_wconf 79' lang='lat' dir='ltr'>dt</span> <span class='ocrx_word' id='word_1_112' title='bbox 667 1406 693 1454; x_wconf 88' lang='lat' dir='ltr'>in</span> <span class='ocrx_word' id='word_1_113' title='bbox 704 1403 789 1470; x_wconf 78' lang='lat' dir='ltr'>proelio</span> <span class='ocrx_word' id='word_1_114' title='bbox 800 1419 861 1471; x_wconf 89' lang='lat' dir='ltr'>ope·</span> 
     </span>
     <span class='ocr_line' id='line_1_17' title="bbox 91 1480 864 1548; baseline 0 -16"><span class='ocrx_word' id='word_1_115' title='bbox 91 1498 95 1508; x_wconf 94' lang='lat'>·</span> <span class='ocrx_word' id='word_1_116' title='bbox 120 1497 185 1544; x_wconf 86' lang='lat' dir='ltr'>ram,</span> <span class='ocrx_word' id='word_1_117' title='bbox 202 1481 228 1531; x_wconf 74' lang='lat' dir='ltr'>a</span> <span class='ocrx_word' id='word_1_118' title='bbox 245 1482 324 1547; x_wconf 71' lang='lat' dir='ltr'>noste,</span> <span class='ocrx_word' id='word_1_119' title='bbox 341 1483 389 1548; x_wconf 73' lang='lat' dir='ltr'>qud</span> <span class='ocrx_word' id='word_1_120' title='bbox 406 1482 491 1546; x_wconf 86' lang='lat' dir='ltr'>sugam</span> <span class='ocrx_word' id='word_1_121' title='bbox 508 1481 616 1530; x_wconf 83' lang='lat' dir='ltr'>infestam</span> <span class='ocrx_word' id='word_1_122' title='bbox 628 1480 775 1530; x_wconf 80' lang='lat' dir='ltr'>Samnitibus</span> <span class='ocrx_word' id='word_1_123' title='bbox 785 1480 817 1529; x_wconf 89' lang='lat' dir='ltr'>ab</span> <span class='ocrx_word' id='word_1_124' title='bbox 828 1485 864 1532; x_wconf 78' lang='lat' dir='ltr'>A·</span> 
     </span>
     <span class='ocr_line' id='line_1_18' title="bbox 120 1554 865 1622; baseline 0.001 -17"><span class='ocrx_word' id='word_1_125' title='bbox 120 1557 235 1622; x_wconf 68' lang='lat' dir='ltr'>quilonm</span> <span class='ocrx_word' id='word_1_126' title='bbox 254 1557 317 1608; x_wconf 86' lang='lat' dir='ltr'>clam</span> <span class='ocrx_word' id='word_1_127' title='bbox 336 1557 430 1622; x_wconf 75' lang='lat' dir='ltr'>egressis</span> <span class='ocrx_word' id='word_1_128' title='bbox 449 1555 525 1605; x_wconf 83' lang='lat' dir='ltr'>lecit:</span> <span class='ocrx_word' id='word_1_129' title='bbox 542 1555 697 1606; x_wconf 85' lang='lat' dir='ltr'>centuriones</span> <span class='ocrx_word' id='word_1_130' title='bbox 717 1554 865 1621; x_wconf 86' lang='lat' dir='ltr'>militesque,</span> 
     </span>
     <span class='ocr_line' id='line_1_19' title="bbox 121 1632 865 1702; baseline -0.001 -20"><span class='ocrx_word' id='word_1_131' title='bbox 121 1633 181 1699; x_wconf 86' lang='lat' dir='ltr'>quia</span> <span class='ocrx_word' id='word_1_132' title='bbox 193 1635 266 1700; x_wconf 81' lang='lat' dir='ltr'>primi</span> <span class='ocrx_word' id='word_1_133' title='bbox 276 1645 374 1702; x_wconf 86' lang='lat' dir='ltr'>portam</span> <span class='ocrx_word' id='word_1_134' title='bbox 385 1648 531 1698; x_wconf 88' lang='lat' dir='ltr'>murumque</span> <span class='ocrx_word' id='word_1_135' title='bbox 542 1632 682 1698; x_wconf 75' lang='lat' dir='ltr'>Aquilonia</span> <span class='ocrx_word' id='word_1_136' title='bbox 693 1641 817 1700; x_wconf 84' lang='lat' dir='ltr'>ceperant.</span> <span class='ocrx_word' id='word_1_137' title='bbox 838 1647 865 1681; x_wconf 92' lang='lat' dir='ltr'>e·</span> 
     </span>
     <span class='ocr_line' id='line_1_20' title="bbox 122 1710 864 1776; baseline -0.003 -16"><span class='ocrx_word' id='word_1_138' title='bbox 122 1712 206 1776; x_wconf 83' lang='lat' dir='ltr'>quites</span> <span class='ocrx_word' id='word_1_139' title='bbox 218 1726 309 1776; x_wconf 83' lang='lat' dir='ltr'>omncs,</span> <span class='ocrx_word' id='word_1_140' title='bbox 327 1713 360 1762; x_wconf 92' lang='lat' dir='ltr'>ob</span> <span class='ocrx_word' id='word_1_141' title='bbox 377 1711 494 1776; x_wconf 79' lang='lat' dir='ltr'>insignem</span> <span class='ocrx_word' id='word_1_142' title='bbox 511 1711 594 1759; x_wconf 85' lang='lat' dir='ltr'>multis</span> <span class='ocrx_word' id='word_1_143' title='bbox 610 1710 670 1760; x_wconf 86' lang='lat' dir='ltr'>locis</span> <span class='ocrx_word' id='word_1_144' title='bbox 682 1725 791 1776; x_wconf 84' lang='lat' dir='ltr'>operam,</span> <span class='ocrx_word' id='word_1_145' title='bbox 809 1723 864 1758; x_wconf 88' lang='lat' dir='ltr'>eor·</span> 
     </span>
     <span class='ocr_line' id='line_1_21' title="bbox 123 1783 867 1854; baseline -0.001 -19"><span class='ocrx_word' id='word_1_146' title='bbox 123 1788 215 1836; x_wconf 87' lang='lat' dir='ltr'>niculis</span> <span class='ocrx_word' id='word_1_147' title='bbox 233 1789 379 1854; x_wconf 85' lang='lat' dir='ltr'>armillisque</span> <span class='ocrx_word' id='word_1_148' title='bbox 397 1787 517 1852; x_wconf 81' lang='lat' dir='ltr'>argenteis</span> <span class='ocrx_word' id='word_1_149' title='bbox 536 1787 621 1838; x_wconf 88' lang='lat' dir='ltr'>donat.</span> <span class='ocrx_word' id='word_1_150' title='bbox 657 1785 790 1834; x_wconf 82' lang='lat' dir='ltr'>confilium</span> <span class='ocrx_word' id='word_1_151' title='bbox 809 1783 867 1834; x_wconf 89' lang='lat' dir='ltr'>inde</span> 
     </span>
     <span class='ocr_line' id='line_1_22' title="bbox 123 1861 869 1933; baseline -0.005 -19"><span class='ocrx_word' id='word_1_152' title='bbox 123 1863 248 1930; x_wconf 77' lang='lat' dir='ltr'>nablum,</span> <span class='ocrx_word' id='word_1_153' title='bbox 257 1883 334 1933; x_wconf 90' lang='lat' dir='ltr'>quum</span> <span class='ocrx_word' id='word_1_154' title='bbox 342 1868 394 1932; x_wconf 87' lang='lat' dir='ltr'>jam</span> <span class='ocrx_word' id='word_1_155' title='bbox 405 1877 501 1932; x_wconf 79' lang='lat' dir='ltr'>tempus</span> <span class='ocrx_word' id='word_1_156' title='bbox 512 1863 570 1912; x_wconf 89' lang='lat' dir='ltr'>esset</span> <span class='ocrx_word' id='word_1_157' title='bbox 580 1861 716 1912; x_wconf 86' lang='lat' dir='ltr'>deducendi</span> <span class='ocrx_word' id='word_1_158' title='bbox 726 1861 757 1910; x_wconf 87' lang='lat' dir='ltr'>ab</span> <span class='ocrx_word' id='word_1_159' title='bbox 769 1861 869 1910; x_wconf 81' lang='lat' dir='ltr'>Samnio</span> 
     </span>
    </p>
   </div>
   <div class='ocr_carea' id='block_1_5' title="bbox 20 1936 869 2008">
    <p class='ocr_par' dir='ltr' id='par_1_5' title="bbox 20 1936 869 2008">
     <span class='ocr_line' id='line_1_23' title="bbox 20 1936 869 2008; baseline -0.008 -15"><span class='ocrx_word' id='word_1_160' title='bbox 20 1985 21 1988; x_wconf 61' lang='grc'>,</span> <span class='ocrx_word' id='word_1_161' title='bbox 125 1944 258 2007; x_wconf 78' lang='lat' dir='ltr'>exercitus,</span> <span class='ocrx_word' id='word_1_162' title='bbox 275 1955 318 1994; x_wconf 91' lang='lat' dir='ltr'>aut</span> <span class='ocrx_word' id='word_1_163' title='bbox 328 1943 461 2008; x_wconf 87' lang='lat' dir='ltr'>utriusque,</span> <span class='ocrx_word' id='word_1_164' title='bbox 477 1951 522 1990; x_wconf 90' lang='lat' dir='ltr'>aut</span> <span class='ocrx_word' id='word_1_165' title='bbox 532 1941 597 1988; x_wconf 70' lang='lat' dir='ltr'>certi</span> <span class='ocrx_word' id='word_1_166' title='bbox 607 1937 714 1986; x_wconf 80' lang='lat' dir='ltr'>alteriue.</span> <span class='ocrx_word' id='word_1_167' title='bbox 739 1936 869 2001; x_wconf 86' lang='lat' dir='ltr'>Optimum</span> 
     </span>
    </p>
   </div>
   <div class='ocr_carea' id='block_1_6' title="bbox 124 2009 874 2848">
    <p class='ocr_par' dir='ltr' id='par_1_6' title="bbox 124 2009 874 2848">
     <span class='ocr_line' id='line_1_24' title="bbox 124 2009 870 2084; baseline -0.017 -15"><span class='ocrx_word' id='word_1_168' title='bbox 124 2016 217 2083; x_wconf 82' lang='lat' dir='ltr'>visum,</span> <span class='ocrx_word' id='word_1_169' title='bbox 229 2034 279 2084; x_wconf 90' lang='lat' dir='ltr'>quo</span> <span class='ocrx_word' id='word_1_170' title='bbox 290 2021 368 2083; x_wconf 84' lang='lat' dir='ltr'>magis</span> <span class='ocrx_word' id='word_1_171' title='bbox 379 2015 460 2068; x_wconf 74' lang='lat' dir='ltr'>sraslz</span> <span class='ocrx_word' id='word_1_172' title='bbox 470 2030 509 2065; x_wconf 87' lang='lat' dir='ltr'>res</span> <span class='ocrx_word' id='word_1_173' title='bbox 520 2011 666 2063; x_wconf 86' lang='lat' dir='ltr'>Samnitium</span> <span class='ocrx_word' id='word_1_174' title='bbox 677 2009 760 2072; x_wconf 90' lang='lat' dir='ltr'>essent,</span> <span class='ocrx_word' id='word_1_175' title='bbox 772 2023 803 2058; x_wconf 92' lang='lat' dir='ltr'>eo</span> <span class='ocrx_word' id='word_1_176' title='bbox 814 2023 870 2074; x_wconf 89' lang='lat' dir='ltr'>per·</span> 
     </span>
     <span class='ocr_line' id='line_1_25' title="bbox 127 2085 871 2157; baseline -0.011 -15"><span class='ocrx_word' id='word_1_177' title='bbox 127 2093 234 2143; x_wconf 86' lang='lat' dir='ltr'>tinacitls</span> <span class='ocrx_word' id='word_1_178' title='bbox 250 2095 276 2145; x_wconf 75' lang='lat' dir='ltr'>sc</span> <span class='ocrx_word' id='word_1_179' title='bbox 292 2095 399 2145; x_wconf 76' lang='lat' dir='ltr'>infestius</span> <span class='ocrx_word' id='word_1_180' title='bbox 414 2107 487 2157; x_wconf 86' lang='lat' dir='ltr'>agere</span> <span class='ocrx_word' id='word_1_181' title='bbox 498 2087 619 2140; x_wconf 82' lang='lat' dir='ltr'>cetera&amp;</span> <span class='ocrx_word' id='word_1_182' title='bbox 629 2085 757 2154; x_wconf 85' lang='lat' dir='ltr'>persequi:</span> <span class='ocrx_word' id='word_1_183' title='bbox 775 2093 804 2132; x_wconf 90' lang='lat' dir='ltr'>ut</span> <span class='ocrx_word' id='word_1_184' title='bbox 814 2098 871 2152; x_wconf 87' lang='lat' dir='ltr'>per·</span> 
     </span>
     <span class='ocr_line' id='line_1_26' title="bbox 126 2158 871 2235; baseline -0.009 -16"><span class='ocrx_word' id='word_1_185' title='bbox 126 2161 252 2220; x_wconf 86' lang='lat' dir='ltr'>domitum</span> <span class='ocrx_word' id='word_1_186' title='bbox 263 2173 388 2224; x_wconf 83' lang='lat' dir='ltr'>Samnium</span> <span class='ocrx_word' id='word_1_187' title='bbox 398 2167 581 2235; x_wconf 87' lang='lat' dir='ltr'>insequentibus</span> <span class='ocrx_word' id='word_1_188' title='bbox 592 2163 732 2216; x_wconf 81' lang='lat' dir='ltr'>consulibus</span> <span class='ocrx_word' id='word_1_189' title='bbox 744 2160 807 2212; x_wconf 88' lang='lat' dir='ltr'>tradi</span> <span class='ocrx_word' id='word_1_190' title='bbox 816 2158 871 2230; x_wconf 82' lang='lat' dir='ltr'>pos-</span> 
     </span>
     <span class='ocr_line' id='line_1_27' title="bbox 129 2237 871 2311; baseline -0.013 -13"><span class='ocrx_word' id='word_1_191' title='bbox 129 2244 176 2296; x_wconf 83' lang='lat' dir='ltr'>set.</span> <span class='ocrx_word' id='word_1_192' title='bbox 210 2246 317 2310; x_wconf 69' lang='lat' dir='ltr'>Quando</span> <span class='ocrx_word' id='word_1_193' title='bbox 330 2248 384 2311; x_wconf 80' lang='lat' dir='ltr'>jam</span> <span class='ocrx_word' id='word_1_194' title='bbox 400 2245 479 2296; x_wconf 88' lang='lat' dir='ltr'>nullus</span> <span class='ocrx_word' id='word_1_195' title='bbox 496 2242 553 2292; x_wconf 85' lang='lat' dir='ltr'>essct</span> <span class='ocrx_word' id='word_1_196' title='bbox 564 2242 669 2292; x_wconf 86' lang='lat' dir='ltr'>hostium</span> <span class='ocrx_word' id='word_1_197' title='bbox 679 2237 809 2302; x_wconf 82' lang='lat' dir='ltr'>exercitus,</span> <span class='ocrx_word' id='word_1_198' title='bbox 826 2237 871 2304; x_wconf 86' lang='lat' dir='ltr'>qui</span> 
     </span>
     <span class='ocr_line' id='line_1_28' title="bbox 130 2311 871 2388; baseline -0.008 -18"><span class='ocrx_word' id='word_1_199' title='bbox 130 2320 204 2386; x_wconf 84' lang='lat' dir='ltr'>lignis</span> <span class='ocrx_word' id='word_1_200' title='bbox 219 2322 312 2372; x_wconf 81' lang='lat' dir='ltr'>collatis</span> <span class='ocrx_word' id='word_1_201' title='bbox 328 2322 486 2372; x_wconf 81' lang='lat' dir='ltr'>dimicatunrs</span> <span class='ocrx_word' id='word_1_202' title='bbox 502 2318 636 2388; x_wconf 86' lang='lat' dir='ltr'>videretur,</span> <span class='ocrx_word' id='word_1_203' title='bbox 659 2330 736 2366; x_wconf 86' lang='lat' dir='ltr'>unum</span> <span class='ocrx_word' id='word_1_204' title='bbox 752 2311 871 2380; x_wconf 86' lang='lat' dir='ltr'>superesse</span> 
     </span>
     <span class='ocr_line' id='line_1_29' title="bbox 130 2395 870 2464; baseline -0.008 -16"><span class='ocrx_word' id='word_1_205' title='bbox 130 2396 188 2448; x_wconf 89' lang='lat' dir='ltr'>belli</span> <span class='ocrx_word' id='word_1_206' title='bbox 204 2413 287 2464; x_wconf 86' lang='lat' dir='ltr'>genus,</span> <span class='ocrx_word' id='word_1_207' title='bbox 304 2399 403 2450; x_wconf 88' lang='lat' dir='ltr'>urbium</span> <span class='ocrx_word' id='word_1_208' title='bbox 417 2395 632 2464; x_wconf 60' lang='lat' dir='ltr'>oppugnationem</span> <span class='ocrx_word' id='word_1_209' title='bbox 649 2406 753 2460; x_wconf 89' lang='lat' dir='ltr'>quarum</span> <span class='ocrx_word' id='word_1_210' title='bbox 771 2404 815 2457; x_wconf 87' lang='lat' dir='ltr'>per</span> <span class='ocrx_word' id='word_1_211' title='bbox 825 2404 870 2442; x_wconf 85' lang='lat' dir='ltr'>ex·</span> 
     </span>
     <span class='ocr_line' id='line_1_30' title="bbox 132 2463 871 2540; baseline -0.008 -18"><span class='ocrx_word' id='word_1_212' title='bbox 132 2473 199 2524; x_wconf 87' lang='lat' dir='ltr'>cidia</span> <span class='ocrx_word' id='word_1_213' title='bbox 207 2475 310 2524; x_wconf 87' lang='lat' dir='ltr'>militem</span> <span class='ocrx_word' id='word_1_214' title='bbox 320 2474 470 2540; x_wconf 85' lang='lat' dir='ltr'>locupletare</span> <span class='ocrx_word' id='word_1_215' title='bbox 482 2469 569 2540; x_wconf 66' lang='lat' dir='ltr'>prada,</span> <span class='ocrx_word' id='word_1_216' title='bbox 587 2467 612 2518; x_wconf 73' lang='grc' dir='ltr'><strong>ἃ</strong></span> <span class='ocrx_word' id='word_1_217' title='bbox 623 2468 716 2518; x_wconf 84' lang='lat' dir='ltr'>hostem</span> <span class='ocrx_word' id='word_1_218' title='bbox 727 2480 773 2532; x_wconf 92' lang='lat' dir='ltr'>pro</span> <span class='ocrx_word' id='word_1_219' title='bbox 785 2463 871 2516; x_wconf 85' lang='lat' dir='ltr'>arisae</span> 
     </span>
     <span class='ocr_line' id='line_1_31' title="bbox 132 2537 872 2610; baseline -0.014 -12"><span class='ocrx_word' id='word_1_220' title='bbox 132 2547 197 2598; x_wconf 80' lang='lat' dir='ltr'>focis</span> <span class='ocrx_word' id='word_1_221' title='bbox 214 2548 372 2602; x_wconf 84' lang='lat' dir='ltr'>dimicantem</span> <span class='ocrx_word' id='word_1_222' title='bbox 391 2545 512 2596; x_wconf 89' lang='lat' dir='ltr'>conficere</span> <span class='ocrx_word' id='word_1_223' title='bbox 537 2540 641 2610; x_wconf 84' lang='lat' dir='ltr'>possent.</span> <span class='ocrx_word' id='word_1_224' title='bbox 675 2543 771 2604; x_wconf 81' lang='lat' dir='ltr'>Itaque,</span> <span class='ocrx_word' id='word_1_225' title='bbox 795 2537 872 2588; x_wconf 82' lang='lat' dir='ltr'>literis</span> 
     </span>
     <span class='ocr_line' id='line_1_32' title="bbox 133 2613 873 2692; baseline -0.016 -18"><span class='ocrx_word' id='word_1_226' title='bbox 133 2623 206 2674; x_wconf 83' lang='lat' dir='ltr'>ntillis</span> <span class='ocrx_word' id='word_1_227' title='bbox 224 2626 254 2678; x_wconf 89' lang='lat' dir='ltr'>ad</span> <span class='ocrx_word' id='word_1_228' title='bbox 265 2627 375 2678; x_wconf 89' lang='lat' dir='ltr'>senatum</span> <span class='ocrx_word' id='word_1_229' title='bbox 388 2623 554 2692; x_wconf 88' lang='lat' dir='ltr'>populumque</span> <span class='ocrx_word' id='word_1_230' title='bbox 565 2622 705 2670; x_wconf 86' lang='lat' dir='ltr'>Romantun</span> <span class='ocrx_word' id='word_1_231' title='bbox 716 2615 746 2666; x_wconf 93' lang='lat' dir='ltr'>de</span> <span class='ocrx_word' id='word_1_232' title='bbox 757 2614 829 2664; x_wconf 84' lang='lat' dir='ltr'>rebus</span> <span class='ocrx_word' id='word_1_233' title='bbox 839 2613 873 2664; x_wconf 89' lang='lat' dir='ltr'>ab</span> 
     </span>
     <span class='ocr_line' id='line_1_33' title="bbox 130 2689 874 2770; baseline -0.015 -15"><span class='ocrx_word' id='word_1_234' title='bbox 130 2701 158 2750; x_wconf 80' lang='lat' dir='ltr'>se</span> <span class='ocrx_word' id='word_1_235' title='bbox 174 2701 252 2767; x_wconf 75' lang='lat' dir='ltr'>gestis,</span> <span class='ocrx_word' id='word_1_236' title='bbox 269 2697 367 2770; x_wconf 80' lang='lat' dir='ltr'>diversi,</span> <span class='ocrx_word' id='word_1_237' title='bbox 384 2695 541 2766; x_wconf 79' lang='lat' dir='ltr'>Papiriusad</span> <span class='ocrx_word' id='word_1_238' title='bbox 557 2695 686 2762; x_wconf 80' lang='lat' dir='ltr'>sapinum,</span> <span class='ocrx_word' id='word_1_239' title='bbox 705 2689 827 2744; x_wconf 82' lang='lat' dir='ltr'>carvilius</span> <span class='ocrx_word' id='word_1_240' title='bbox 840 2689 874 2744; x_wconf 87' lang='lat' dir='ltr'>ad</span> 
     </span>
     <span class='ocr_line' id='line_1_34' title="bbox 133 2768 692 2848; baseline -0.027 -15"><span class='ocrx_word' id='word_1_241' title='bbox 133 2779 256 2831; x_wconf 75' lang='lat' dir='ltr'>Vohnam</span> <span class='ocrx_word' id='word_1_242' title='bbox 266 2776 460 2848; x_wconf 86' lang='lat' dir='ltr'>oppugnandam</span> <span class='ocrx_word' id='word_1_243' title='bbox 469 2773 579 2838; x_wconf 85' lang='lat' dir='ltr'>legiones</span> <span class='ocrx_word' id='word_1_244' title='bbox 590 2768 692 2820; x_wconf 88' lang='lat' dir='ltr'>ducunt.</span> 
     </span>
    </p>
   </div>
   <div class='ocr_carea' id='block_1_7' title="bbox 166 2841 967 2913">
    <p class='ocr_par' dir='ltr' id='par_1_7' title="bbox 166 2841 967 2913">
     <span class='ocr_line' id='line_1_35' title="bbox 166 2841 967 2913; baseline -0.016 -6"><span class='ocrx_word' id='word_1_245' title='bbox 166 2857 251 2908; x_wconf 75' lang='lat' dir='ltr'>XLV.</span> <span class='ocrx_word' id='word_1_246' title='bbox 267 2855 358 2912; x_wconf 78' lang='lat' dir='ltr'>Literae</span> <span class='ocrx_word' id='word_1_247' title='bbox 374 2850 501 2904; x_wconf 88' lang='lat' dir='ltr'>consulum</span> <span class='ocrx_word' id='word_1_248' title='bbox 517 2849 611 2913; x_wconf 89' lang='lat' dir='ltr'>ingenti</span> <span class='ocrx_word' id='word_1_249' title='bbox 627 2845 711 2898; x_wconf 74' lang='lat' dir='ltr'>lautia</span> <span class='ocrx_word' id='word_1_250' title='bbox 725 2843 750 2895; x_wconf 71' lang='grc' dir='ltr'>ἃ</span> <span class='ocrx_word' id='word_1_251' title='bbox 767 2845 793 2894; x_wconf 86' lang='lat' dir='ltr'>in</span> <span class='ocrx_word' id='word_1_252' title='bbox 803 2841 875 2896; x_wconf 70' lang='lat' dir='ltr'>tutia</span> <span class='ocrx_word' id='word_1_253' title='bbox 963 2863 967 2868; x_wconf 60' lang='lat'><strong><em>⁴</em></strong></span> 
     </span>
    </p>
   </div>
   <div class='ocr_carea' id='block_1_8' title="bbox 134 2921 875 3139">
    <p class='ocr_par' dir='ltr' id='par_1_8' title="bbox 134 2921 875 3139">
     <span class='ocr_line' id='line_1_36' title="bbox 136 2921 873 2992; baseline -0.015 -14"><span class='ocrx_word' id='word_1_254' title='bbox 136 2928 163 2978; x_wconf 69' lang='lat' dir='ltr'>a</span> <span class='ocrx_word' id='word_1_255' title='bbox 174 2930 201 2978; x_wconf 85' lang='lat' dir='ltr'>in</span> <span class='ocrx_word' id='word_1_256' title='bbox 217 2927 451 2988; x_wconf 84' lang='lat' dir='ltr'>concione.auditae;</span> <span class='ocrx_word' id='word_1_257' title='bbox 468 2927 494 2977; x_wconf 73' lang='grc' dir='ltr'>ἀ</span> <span class='ocrx_word' id='word_1_258' title='bbox 504 2925 627 2992; x_wconf 80' lang='lat' dir='ltr'>quatridui</span> <span class='ocrx_word' id='word_1_259' title='bbox 638 2921 815 2992; x_wconf 87' lang='lat' dir='ltr'>supplicatione</span> <span class='ocrx_word' id='word_1_260' title='bbox 826 2934 873 2986; x_wconf 90' lang='lat' dir='ltr'>pu·</span> 
     </span>
     <span class='ocr_line' id='line_1_37' title="bbox 134 2993 875 3139; baseline -0.016 -81"><span class='ocrx_word' id='word_1_261' title='bbox 134 3001 230 3058; x_wconf 84' lang='lat' dir='ltr'>blicutn</span> <span class='ocrx_word' id='word_1_262' title='bbox 246 3003 361 3072; x_wconf 74' lang='lat' dir='ltr'>mulium</span> <span class='ocrx_word' id='word_1_263' title='bbox 377 3002 482 3076; x_wconf 73' lang='lat' dir='ltr'>privatin</span> <span class='ocrx_word' id='word_1_264' title='bbox 496 2999 579 3056; x_wconf 80' lang='lat' dir='ltr'>studiis</span> <span class='ocrx_word' id='word_1_265' title='bbox 594 2993 744 3056; x_wconf 81' lang='lat' dir='ltr'>celebratum</span> <span class='ocrx_word' id='word_1_266' title='bbox 759 2995 875 3139; x_wconf 43' lang='grc' dir='ltr'>υἱὲ-ΘΕ</span> 
     </span>
    </p>
   </div>
   <div class='ocr_carea' id='block_1_9' title="bbox 0 0 1098 3642">
    <p class='ocr_par' dir='ltr' id='par_1_9' title="bbox 0 0 1098 3642">
     <span class='ocr_line' id='line_1_38' title="bbox 0 0 1098 3642; baseline 0 0"><span class='ocrx_word' id='word_1_267' title='bbox 0 0 1098 3642; x_wconf 95' lang='lat' dir='ltr'> </span> 
     </span>
    </p>
   </div>
  </div>
 </body>
</html>
