2076 3612
185 247 219 293 30
451 235 677 290 *unrvrt

185 321 236 371 sam
248 335 302 372 eam
314 335 423 389 pugnam
435 325 554 376 Romanis
566 325 643 388 fuisse,
660 337 735 392 atque
746 327 771 377 in
787 344 816 378 ea
832 331 936 384 recidis-

184 400 209 450 se
223 404 255 464 Q.
269 402 379 464 Aulium‚
399 405 541 467 magistrum
559 406 678 468 equitum.
715 405 833 457 Suffetius
850 411 876 460 in
896 413 934 460 lo-

184 491 242 524 cunt
261 479 328 526 Aulii
342 483 370 528 C.
384 480 474 528 Fabius
494 481 607 544 magister
619 482 730 546 equitum
746 499 803 532 curn
819 489 934 537 exercitu

183 566 255 601 novo
273 554 305 602 ab
326 557 406 604 Roma
422 556 540 616 advenit;
560 557 593 615 ἃ,
610 572 654 623 per
674 559 807 623 praemissos
828 565 932 630 nuncios

182 631 296 683 consulto
308 632 434 696 ditiatore‚
452 634 495 682 ubi
507 633 649 695 subsisteret,
667 651 751 700 quove
767 647 889 705 ternpore,
907 641 933 690 ἃ

136 765 141 772 ,
166 723 233 774 ,qua
245 725 277 760 ex
297 723 366 778 parte
380 713 472 762 hostem
490 713 669 777 aggrederetur,
688 713 794 764 substitit
811 720 931 782 occultus,

182 786 214 835 ad
224 789 307 842 omnia
317 788 372 838 satis
382 790 516 856 exploratis
525 788 639 839 consiliis.
665 788 786 854 Distator,
799 807 876 857 quum
890 809 932 859 per

129 870 139 875 '
181 863 279 928 aliquot
290 865 341 915 dies
358 867 411 934 post
429 882 536 934 pugnam
554 865 711 916 continuisset
722 866 777 917 suos
794 870 859 918 intra
876 871 930 920 val·

181 939 242 1002 lum,
270 942 356 992 obsesii
385 946 463 1008 magis
481 950 554 1009 qutun
572 943 702 994 obsidentis
721 945 806 1007 modo,
836 947 930 1011 fignum

181 1024 282 1084 repenti:
300 1036 388 1086 pugnae
405 1020 551 1090 proposuit3
569 1021 602 1084 u,
621 1021 741 1071 efficacius
754 1033 820 1072 ratus
839 1025 870 1073 ad
887 1041 929 1074 ac-

181 1094 322 1149 cendendos
332 1101 441 1150 uirorum
451 1100 552 1148 sortium
563 1101 666 1162 animos,
676 1100 767 1148 nuliam
777 1101 843 1161 alibi,
854 1109 928 1166 quam

182 1173 209 1223 in
221 1174 296 1224 semet
310 1176 371 1242 ipso,
388 1179 502 1240 cuiquam
519 1175 627 1225 relifiam
642 1175 717 1243 spem,
735 1176 764 1226 de
775 1179 888 1242 magistro
900 1195 927 1228 e-

182 1254 279 1318 quitum
288 1268 407 1318 novoque
416 1255 527 1302 exercitu
536 1255 640 1303 mititem
654 1255 753 1304 celavit.
771 1257 803 1316 ἃ,
811 1266 927 1322 tanquam

179 1331 255 1394 nulla,
273 1329 316 1380 nist
328 1332 352 1380 in
363 1333 502 1399 eruptione,
520 1332 572 1400 spes
582 1332 646 1394 ess‘et,
665 1335 735 1398 lueis,
753 1335 842 1400 inquit,
859 1339 927 1402 aug‘u-

174 1408 225 1472 stis,
243 1409 328 1472 milites,
347 1410 473 1476 depreheufi,
496 1412 537 1476 nist
552 1427 615 1477 quem
639 1413 733 1461 vitierid
749 1413 927 1479 patefecerimus,

179 1488 243 1535 vium
255 1488 334 1536 nullam
345 1487 452 1537 hebemus.
487 1491 577 1538 &etiua
592 1489 661 1554 uestra
675 1491 805 1540 munimento
810 1493 868 1558 stetit
879 1501 927 1542 tute

173 1567 242 1634 fieut;
253 1566 296 1630 sed
306 1566 378 1634 impiet
386 1569 460 1615 eadem
475 1567 561 1631 infesta.
580 1585 631 1616 nam
647 1569 674 1620 ie·
688 1570 748 1618 circei
762 1572 833 1618 omnia
842 1572 927 1636 desece-

178 1650 237 1703 ruut‚
254 1643 308 1691 uude
318 1643 411 1710 subvehi
427 1655 557 1695 commeatus
573 1654 690 1711 poterant;
708 1648 743 1707 tr,
754 1645 777 1710 fi
787 1647 925 1711 homiuetju-

176 1735 233 1767 vare
242 1721 318 1782 veiint,
335 1723 406 1788 iniqua
422 1721 467 1770 leea
473 1723 534 1786 stent.
553 1726 628 1789 Itaque
642 1741 682 1773 neu
688 1723 813 1788 frustrabor
827 1741 864 1791 ego
876 1741 924 1790 vos,

177 1796 248 1860 eastra
259 1799 293 1848 hie
304 1801 446 1868 relinquendo,
463 1801 486 1851 in
497 1817 545 1868 que,
563 1801 644 1865 inseite
655 1801 757 1864 uetuerit,
769 1800 825 1866 steut
833 1803 925 1868 pristine

177 1871 220 1935 die,
237 1889 276 1922 vos
287 1872 409 1943 recipiatis:
425 1878 493 1926 armis
503 1877 642 1940 munimenta,
659 1893 700 1927 uun
714 1878 851 1926 munimentis
862 1893 926 1928 orme

175 1957 225 2000 tutu
242 1951 280 2018 ff
296 1953 379 2004 debent.
414 1954 490 2018 Castra
506 1953 596 2003 habeant
612 1962 757 2018 repetantque,
773 1952 843 2018 quibus
860 1966 927 2020 opera

176 2026 207 2091 est
223 2028 311 2079 trahere
326 2029 419 2080 bellum:
436 2045 473 2078 nes
489 2030 584 2077 emnium
602 2041 675 2074 rerum
691 2027 816 2090 respettum,
831 2039 925 2090 preter·

174 2121 239 2172 quam
251 2107 352 2167 vitieris,
369 2106 425 2154 nobis
442 2104 594 2168 abscindamus.
629 2104 696 2150 Ferte
706 2102 771 2165 figua
787 2103 809 2148 in
825 2102 923 2163 hostem:

175 2183 211 2232 ubi
223 2190 284 2230 extra
295 2183 378 2232 vellum
388 2196 464 2246 agmen
474 2179 587 2244 exeefferit,
605 2178 683 2240 eastra,
700 2176 771 2242 quibus
787 2177 922 2241 imperatum

175 2259 214 2321 est,
232 2259 364 2307 incendant:
399 2258 476 2305 demna
494 2255 574 2318 vestre,
593 2254 680 2315 milites,
697 2253 790 2302 omnium
801 2255 868 2319 eired,
886 2261 923 2324 qui

175 2336 307 2400 dejicerent,
320 2335 447 2402 populorum
457 2334 528 2400 preda*
536 2333 666 2400 sarcientur.
680 2334 710 2380 Et
722 2332 836 2382 oratione
847 2333 923 2386 dieta-

173 2413 245 2475 totis‚
263 2429 317 2478 quae
328 2413 472 2463 necestitatis
491 2413 582 2461 ultimae
600 2409 676 2459 index
694 2421 753 2470 erat,
770 2413 858 2462 milites
878 2431 920 2464 ae-

173 2492 238 2542 censr
256 2491 352 2542 vadunt
369 2492 394 2540 in
413 2491 515 2554 hostem,
532 2491 557 2540 ἃ
575 2488 695 2556 respeiius
712 2489 763 2557 ipse
780 2491 920 2544 ardentium

172 2569 315 2630 castrorum,
331 2584 469 2634 quanquam
488 2567 608 2634 proximis
620 2572 715 2616 tantum
732 2568 776 2634 (ita
789 2571 855 2617 enim
867 2571 919 2633 jus·

171 2645 234 2696 serat
243 2643 356 2707 dieiator)
373 2646 477 2709 igniseii
487 2644 603 2708 subditus,
623 2645 686 2694 haud
701 2663 805 2712 parvum
823 2648 870 2696 fuit
885 2649 919 2696 ir-

171 2721 339 2770 ritamentum.
375 2724 470 2788 Itaque,
488 2723 557 2771 velut
569 2723 693 2783 vecordes¹
701 2723 769 2785 illati,
787 2723 851 2786 figna
867 2726 918 2790 pri-

171 2811 214 2846 mo
227 2797 321 2864 impetu
337 2797 442 2848 hostium
451 2799 567 2860 turbant;
585 2799 610 2849 8t
622 2801 647 2848 in
660 2812 780 2866 tempore,
790 2799 917 2865 postquam

170 2869 281 2922 ardentia
293 2874 378 2939 procui
390 2874 535 2925 viditcaiira
550 2875 663 2939 magister
672 2876 791 2938 equitum,
808 2874 843 2933 (id
856 2891 917 2923 con-

170 2960 274 2998 venerat
294 2949 397 3017 signum)
413 2951 519 3014 hostium
539 2963 607 3015 terga
626 2951 731 3001 invadit.
757 2951 792 2998 ita
812 2952 917 3000 circum—

171 3027 378 3099 torritanum,
390 3032 438 3099 qut
450 3033 528 3102 potest
541 3032 650 3101 quisque,
668 3030 753 3097 fugam
765 3045 809 3098 per
820 3028 916 3078 diversa

166 3113 170 3122 '
816 3116 912 3176 petunt.
