<?xml version="1.0" encoding="UTF-8"?>
<!DOCTYPE html PUBLIC "-//W3C//DTD XHTML 1.0 Transitional//EN"
    "http://www.w3.org/TR/xhtml1/DTD/xhtml1-transitional.dtd">
<html xmlns="http://www.w3.org/1999/xhtml" xml:lang="en" lang="en">
 <head>
  <title>
</title>
<meta http-equiv="Content-Type" content="text/html;charset=utf-8" />
  <meta name='ocr-system' content='tesseract 3.04.00' />
  <meta name='ocr-capabilities' content='ocr_page ocr_carea ocr_par ocr_line ocrx_word'/>
</head>
<body>
  <div class='ocr_page' id='page_1' title='image "./historiarumabur00livygoog_0115.png"; bbox 0 0 2130 3642; ppageno 0'>
   <div class='ocr_carea' id='block_1_1' title="bbox 184 212 684 312">
    <p class='ocr_par' dir='ltr' id='par_1_1' title="bbox 184 212 684 312">
     <span class='ocr_line' id='line_1_1' title="bbox 184 212 684 312; baseline -0.016 -1"><span class='ocrx_word' id='word_1_1' title='bbox 184 257 232 312; x_wconf 78' lang='lat' dir='ltr'>tta</span> <span class='ocrx_word' id='word_1_2' title='bbox 445 212 684 306; x_wconf 47' lang='lat' dir='ltr'>&#39;t&#39;Jtatvtt-</span> 
     </span>
    </p>
   </div>
   <div class='ocr_carea' id='block_1_2' title="bbox 148 340 932 1031">
    <p class='ocr_par' dir='ltr' id='par_1_2' title="bbox 148 340 932 1031">
     <span class='ocr_line' id='line_1_2' title="bbox 182 340 932 418; baseline 0.003 -24"><span class='ocrx_word' id='word_1_3' title='bbox 182 360 289 413; x_wconf 77' lang='lat' dir='ltr'>pugnam</span> <span class='ocrx_word' id='word_1_4' title='bbox 301 345 421 412; x_wconf 62' lang='lat' dir='ltr'>pascnan</span> <span class='ocrx_word' id='word_1_5' title='bbox 438 346 540 412; x_wconf 85' lang='lat' dir='ltr'>poenitet</span> <span class='ocrx_word' id='word_1_6' title='bbox 556 345 582 418; x_wconf 84' lang='lat' dir='ltr'>in</span> <span class='ocrx_word' id='word_1_7' title='bbox 599 343 722 410; x_wconf 85' lang='lat' dir='ltr'>posterum</span> <span class='ocrx_word' id='word_1_8' title='bbox 738 340 803 392; x_wconf 87' lang='lat' dir='ltr'>diem</span> <span class='ocrx_word' id='word_1_9' title='bbox 818 341 932 396; x_wconf 76' lang='lat' dir='ltr'>dilatum</span> 
     </span>
     <span class='ocr_line' id='line_1_3' title="bbox 181 421 927 486; baseline 0 -14"><span class='ocrx_word' id='word_1_10' title='bbox 181 434 322 482; x_wconf 78' lang='lat' dir='ltr'>certamen3</span> <span class='ocrx_word' id='word_1_11' title='bbox 339 423 491 472; x_wconf 87' lang='lat' dir='ltr'>moramdiei</span> <span class='ocrx_word' id='word_1_12' title='bbox 500 421 625 486; x_wconf 68' lang='lat' dir='ltr'>nodisque</span> <span class='ocrx_word' id='word_1_13' title='bbox 634 421 749 470; x_wconf 88' lang='lat' dir='ltr'>oderunt.</span> <span class='ocrx_word' id='word_1_14' title='bbox 785 423 871 470; x_wconf 74' lang='lat' dir='ltr'>Tertii</span> <span class='ocrx_word' id='word_1_15' title='bbox 883 423 927 472; x_wconf 83' lang='lat' dir='ltr'>vi·</span> 
     </span>
     <span class='ocr_line' id='line_1_4' title="bbox 181 498 924 563; baseline -0.001 -17"><span class='ocrx_word' id='word_1_16' title='bbox 181 500 240 562; x_wconf 77' lang='lat' dir='ltr'>gilii</span> <span class='ocrx_word' id='word_1_17' title='bbox 248 498 333 562; x_wconf 71' lang='lat' dir='ltr'>nodiis,</span> <span class='ocrx_word' id='word_1_18' title='bbox 348 500 399 562; x_wconf 74' lang='lat' dir='ltr'>iam</span> <span class='ocrx_word' id='word_1_19' title='bbox 410 501 490 548; x_wconf 85' lang='lat' dir='ltr'>relatis</span> <span class='ocrx_word' id='word_1_20' title='bbox 502 500 577 548; x_wconf 80' lang='lat' dir='ltr'>literis</span> <span class='ocrx_word' id='word_1_21' title='bbox 586 504 600 548; x_wconf 74' lang='lat' dir='ltr'>a</span> <span class='ocrx_word' id='word_1_22' title='bbox 609 499 712 561; x_wconf 85' lang='lat' dir='ltr'><strong>collega,</strong></span> <span class='ocrx_word' id='word_1_23' title='bbox 731 500 840 563; x_wconf 81' lang='lat' dir='ltr'><strong>Papirius</strong></span> <span class='ocrx_word' id='word_1_24' title='bbox 852 498 924 554; x_wconf 60' lang='lat' dir='ltr'>filen÷</span> 
     </span>
     <span class='ocr_line' id='line_1_5' title="bbox 182 575 927 642; baseline 0 -18"><span class='ocrx_word' id='word_1_25' title='bbox 182 577 219 626; x_wconf 86' lang='lat' dir='ltr'>tio</span> <span class='ocrx_word' id='word_1_26' title='bbox 231 576 315 640; x_wconf 85' lang='lat' dir='ltr'>surgit,</span> <span class='ocrx_word' id='word_1_27' title='bbox 332 577 357 626; x_wconf 71' lang='grc' dir='ltr'>ἀ</span> <span class='ocrx_word' id='word_1_28' title='bbox 368 577 498 642; x_wconf 84' lang='lat' dir='ltr'>pullarium</span> <span class='ocrx_word' id='word_1_29' title='bbox 512 579 538 626; x_wconf 91' lang='lat' dir='ltr'>in</span> <span class='ocrx_word' id='word_1_30' title='bbox 553 575 688 641; x_wconf 82' lang='lat' dir='ltr'>auspicium</span> <span class='ocrx_word' id='word_1_31' title='bbox 700 577 786 626; x_wconf 85' lang='lat' dir='ltr'>mittit.</span> <span class='ocrx_word' id='word_1_32' title='bbox 821 577 927 632; x_wconf 80' lang='lat' dir='ltr'>Nullum</span> 
     </span>
     <span class='ocr_line' id='line_1_6' title="bbox 182 647 926 720; baseline -0.003 -16"><span class='ocrx_word' id='word_1_33' title='bbox 182 664 234 704; x_wconf 84' lang='lat' dir='ltr'>etat</span> <span class='ocrx_word' id='word_1_34' title='bbox 245 669 320 718; x_wconf 77' lang='lat' dir='ltr'>genus</span> <span class='ocrx_word' id='word_1_35' title='bbox 329 655 458 704; x_wconf 87' lang='lat' dir='ltr'>hominum</span> <span class='ocrx_word' id='word_1_36' title='bbox 474 657 498 704; x_wconf 93' lang='lat' dir='ltr'>in</span> <span class='ocrx_word' id='word_1_37' title='bbox 517 655 596 703; x_wconf 85' lang='lat' dir='ltr'>casiris</span> <span class='ocrx_word' id='word_1_38' title='bbox 608 647 724 702; x_wconf 69' lang='lat' dir='ltr'>intactam</span> <span class='ocrx_word' id='word_1_39' title='bbox 734 654 868 720; x_wconf 86' lang='lat' dir='ltr'>cupiditate</span> <span class='ocrx_word' id='word_1_40' title='bbox 877 669 926 720; x_wconf 88' lang='lat' dir='ltr'>pu·</span> 
     </span>
     <span class='ocr_line' id='line_1_7' title="bbox 181 730 924 796; baseline -0.001 -16"><span class='ocrx_word' id='word_1_41' title='bbox 181 747 252 796; x_wconf 73' lang='lat' dir='ltr'>gna:</span> <span class='ocrx_word' id='word_1_42' title='bbox 270 730 356 782; x_wconf 87' lang='lat' dir='ltr'>summi</span> <span class='ocrx_word' id='word_1_43' title='bbox 367 733 494 796; x_wconf 86' lang='lat' dir='ltr'>infimique</span> <span class='ocrx_word' id='word_1_44' title='bbox 506 737 574 796; x_wconf 76' lang='lat' dir='ltr'>aeque</span> <span class='ocrx_word' id='word_1_45' title='bbox 585 732 673 780; x_wconf 90' lang='lat' dir='ltr'>intenti</span> <span class='ocrx_word' id='word_1_46' title='bbox 688 743 772 782; x_wconf 85' lang='lat' dir='ltr'>erant:</span> <span class='ocrx_word' id='word_1_47' title='bbox 790 732 842 782; x_wconf 84' lang='lat' dir='ltr'>dux</span> <span class='ocrx_word' id='word_1_48' title='bbox 857 733 924 780; x_wconf 86' lang='lat' dir='ltr'>mili-</span> 
     </span>
     <span class='ocr_line' id='line_1_8' title="bbox 148 792 923 875; baseline -0.003 -15"><span class='ocrx_word' id='word_1_49' title='bbox 148 801 150 806; x_wconf 60' lang='grc'><strong>’</strong></span> <span class='ocrx_word' id='word_1_50' title='bbox 172 792 242 874; x_wconf 47' lang='lat' dir='ltr'>tum,</span> <span class='ocrx_word' id='word_1_51' title='bbox 259 809 328 858; x_wconf 83' lang='lat' dir='ltr'>miles</span> <span class='ocrx_word' id='word_1_52' title='bbox 339 809 407 860; x_wconf 87' lang='lat' dir='ltr'>ducis</span> <span class='ocrx_word' id='word_1_53' title='bbox 421 810 534 860; x_wconf 87' lang='lat' dir='ltr'>ardorem</span> <span class='ocrx_word' id='word_1_54' title='bbox 549 809 679 875; x_wconf 70' lang='lat' dir='ltr'>spectabat.</span> <span class='ocrx_word' id='word_1_55' title='bbox 714 813 737 859; x_wconf 86' lang='lat' dir='ltr'>Is</span> <span class='ocrx_word' id='word_1_56' title='bbox 754 809 827 858; x_wconf 87' lang='lat' dir='ltr'>ardor</span> <span class='ocrx_word' id='word_1_57' title='bbox 838 812 923 859; x_wconf 89' lang='lat' dir='ltr'>omni-</span> 
     </span>
     <span class='ocr_line' id='line_1_9' title="bbox 180 885 920 951; baseline -0.003 -15"><span class='ocrx_word' id='word_1_58' title='bbox 180 901 224 936; x_wconf 87' lang='lat' dir='ltr'>um</span> <span class='ocrx_word' id='word_1_59' title='bbox 241 887 314 937; x_wconf 85' lang='lat' dir='ltr'>etiam</span> <span class='ocrx_word' id='word_1_60' title='bbox 330 885 361 936; x_wconf 83' lang='lat' dir='ltr'>ad</span> <span class='ocrx_word' id='word_1_61' title='bbox 377 901 428 950; x_wconf 78' lang='lat' dir='ltr'>eos,</span> <span class='ocrx_word' id='word_1_62' title='bbox 445 887 488 951; x_wconf 91' lang='lat' dir='ltr'>qui</span> <span class='ocrx_word' id='word_1_63' title='bbox 507 885 618 951; x_wconf 85' lang='lat' dir='ltr'>auspicio</span> <span class='ocrx_word' id='word_1_64' title='bbox 638 886 778 946; x_wconf 83' lang='lat' dir='ltr'>intererant,</span> <span class='ocrx_word' id='word_1_65' title='bbox 796 886 920 951; x_wconf 86' lang='lat' dir='ltr'>pervenit.</span> 
     </span>
     <span class='ocr_line' id='line_1_10' title="bbox 181 963 927 1031; baseline -0.004 -17"><span class='ocrx_word' id='word_1_66' title='bbox 181 979 248 1026; x_wconf 81' lang='lat' dir='ltr'>nam,</span> <span class='ocrx_word' id='word_1_67' title='bbox 263 979 340 1028; x_wconf 88' lang='lat' dir='ltr'>quum</span> <span class='ocrx_word' id='word_1_68' title='bbox 354 965 414 1031; x_wconf 86' lang='lat' dir='ltr'>pulli</span> <span class='ocrx_word' id='word_1_69' title='bbox 429 963 657 1030; x_wconf 85' lang='lat' dir='ltr'>nonpascerentur,</span> <span class='ocrx_word' id='word_1_70' title='bbox 674 965 798 1030; x_wconf 79' lang='lat' dir='ltr'>pultarius,</span> <span class='ocrx_word' id='word_1_71' title='bbox 815 964 927 1030; x_wconf 43' lang='lat' dir='ltr'>auspicia</span> 
     </span>
    </p>
   </div>
   <div class='ocr_carea' id='block_1_3' title="bbox 72 1039 966 1192">
    <p class='ocr_par' dir='ltr' id='par_1_3' title="bbox 72 1039 966 1192">
     <span class='ocr_line' id='line_1_11' title="bbox 84 1039 966 1106; baseline -0.01 -14"><span class='ocrx_word' id='word_1_72' title='bbox 84 1083 87 1092; x_wconf 87' lang='lat'><em>.</em></span> <span class='ocrx_word' id='word_1_73' title='bbox 180 1057 224 1093; x_wconf 90' lang='lat' dir='ltr'>um</span> <span class='ocrx_word' id='word_1_74' title='bbox 235 1043 334 1092; x_wconf 86' lang='lat' dir='ltr'>mentiri</span> <span class='ocrx_word' id='word_1_75' title='bbox 347 1039 426 1104; x_wconf 81' lang='lat' dir='ltr'>ausus,</span> <span class='ocrx_word' id='word_1_76' title='bbox 443 1040 577 1106; x_wconf 90' lang='lat' dir='ltr'>tripudium</span> <span class='ocrx_word' id='word_1_77' title='bbox 590 1040 729 1092; x_wconf 86' lang='lat' dir='ltr'>solistimum</span> <span class='ocrx_word' id='word_1_78' title='bbox 746 1039 839 1092; x_wconf 87' lang='lat' dir='ltr'>consuli</span> <span class='ocrx_word' id='word_1_79' title='bbox 855 1055 934 1105; x_wconf 14' lang='lat' dir='ltr'>nun-t</span> <span class='ocrx_word' id='word_1_80' title='bbox 962 1051 966 1056; x_wconf 95' lang='lat'>·</span> 
     </span>
     <span class='ocr_line' id='line_1_12' title="bbox 72 1116 934 1192; baseline 0.001 -24"><span class='ocrx_word' id='word_1_81' title='bbox 72 1179 79 1192; x_wconf 64' lang='lat'>„</span> <span class='ocrx_word' id='word_1_82' title='bbox 140 1141 142 1145; x_wconf 95' lang='lat'>·</span> <span class='ocrx_word' id='word_1_83' title='bbox 181 1120 267 1172; x_wconf 83' lang='lat' dir='ltr'>ciavit.</span> <span class='ocrx_word' id='word_1_84' title='bbox 305 1118 395 1168; x_wconf 85' lang='lat' dir='ltr'>Consul</span> <span class='ocrx_word' id='word_1_85' title='bbox 417 1120 493 1181; x_wconf 77' lang='lat' dir='ltr'>latus,</span> <span class='ocrx_word' id='word_1_86' title='bbox 518 1116 653 1185; x_wconf 85' lang='lat' dir='ltr'>auspicium</span> <span class='ocrx_word' id='word_1_87' title='bbox 671 1120 796 1182; x_wconf 80' lang='lat' dir='ltr'>egregium</span> <span class='ocrx_word' id='word_1_88' title='bbox 815 1117 869 1182; x_wconf 89' lang='lat' dir='ltr'>esse,</span> <span class='ocrx_word' id='word_1_89' title='bbox 884 1119 934 1186; x_wconf 36' lang='lat' dir='ltr'>dt,</span> 
     </span>
    </p>
   </div>
   <div class='ocr_carea' id='block_1_4' title="bbox 178 1195 924 1796">
    <p class='ocr_par' dir='ltr' id='par_1_4' title="bbox 179 1195 922 1568">
     <span class='ocr_line' id='line_1_13' title="bbox 180 1195 922 1261; baseline -0.003 -14"><span class='ocrx_word' id='word_1_90' title='bbox 180 1198 241 1247; x_wconf 88' lang='lat' dir='ltr'>Deis</span> <span class='ocrx_word' id='word_1_91' title='bbox 251 1195 390 1246; x_wconf 74' lang='lat' dir='ltr'>austoribus</span> <span class='ocrx_word' id='word_1_92' title='bbox 404 1195 581 1258; x_wconf 70' lang='lat' dir='ltr'>temperatos,</span> <span class='ocrx_word' id='word_1_93' title='bbox 599 1197 747 1261; x_wconf 83' lang='lat' dir='ltr'>pronunciat</span> <span class='ocrx_word' id='word_1_94' title='bbox 755 1215 762 1256; x_wconf 87' lang='lat'>;</span> <span class='ocrx_word' id='word_1_95' title='bbox 780 1195 922 1260; x_wconf 71' lang='lat' dir='ltr'>signumque</span> 
     </span>
     <span class='ocr_line' id='line_1_14' title="bbox 181 1271 920 1341; baseline 0 -19"><span class='ocrx_word' id='word_1_96' title='bbox 181 1287 269 1338; x_wconf 72' lang='lat' dir='ltr'>pugna</span> <span class='ocrx_word' id='word_1_97' title='bbox 277 1274 401 1338; x_wconf 85' lang='lat' dir='ltr'>proponit.</span> <span class='ocrx_word' id='word_1_98' title='bbox 436 1273 544 1321; x_wconf 83' lang='lat' dir='ltr'>Exeunti</span> <span class='ocrx_word' id='word_1_99' title='bbox 554 1273 606 1341; x_wconf 87' lang='lat' dir='ltr'>jam</span> <span class='ocrx_word' id='word_1_100' title='bbox 618 1271 682 1320; x_wconf 75' lang='lat' dir='ltr'>sorte</span> <span class='ocrx_word' id='word_1_101' title='bbox 691 1274 716 1322; x_wconf 87' lang='lat' dir='ltr'>in</span> <span class='ocrx_word' id='word_1_102' title='bbox 732 1274 809 1320; x_wconf 85' lang='lat' dir='ltr'>aciem</span> <span class='ocrx_word' id='word_1_103' title='bbox 818 1273 920 1322; x_wconf 87' lang='lat' dir='ltr'>nunciat</span> 
     </span>
     <span class='ocr_line' id='line_1_15' title="bbox 179 1349 919 1416; baseline 0 -18"><span class='ocrx_word' id='word_1_104' title='bbox 179 1349 291 1416; x_wconf 84' lang='lat' dir='ltr'>perfuga,</span> <span class='ocrx_word' id='word_1_105' title='bbox 307 1350 396 1412; x_wconf 80' lang='lat' dir='ltr'>viginti</span> <span class='ocrx_word' id='word_1_106' title='bbox 412 1349 526 1398; x_wconf 84' lang='lat' dir='ltr'>cohortes</span> <span class='ocrx_word' id='word_1_107' title='bbox 541 1349 685 1398; x_wconf 87' lang='lat' dir='ltr'>samnitium</span> <span class='ocrx_word' id='word_1_108' title='bbox 702 1349 919 1412; x_wconf 78' lang='lat' dir='ltr'>(quadringenariae</span> 
     </span>
     <span class='ocr_line' id='line_1_16' title="bbox 179 1424 919 1492; baseline -0.004 -16"><span class='ocrx_word' id='word_1_109' title='bbox 179 1424 257 1476; x_wconf 83' lang='lat' dir='ltr'>senne</span> <span class='ocrx_word' id='word_1_110' title='bbox 267 1428 345 1489; x_wconf 87' lang='lat' dir='ltr'>erant)</span> <span class='ocrx_word' id='word_1_111' title='bbox 359 1426 506 1474; x_wconf 62' lang='lat' dir='ltr'>Cominium</span> <span class='ocrx_word' id='word_1_112' title='bbox 522 1425 650 1492; x_wconf 72' lang='lat' dir='ltr'>prosedas,</span> <span class='ocrx_word' id='word_1_113' title='bbox 666 1425 776 1490; x_wconf 86' lang='lat' dir='ltr'>quodne</span> <span class='ocrx_word' id='word_1_114' title='bbox 793 1427 919 1488; x_wconf 82' lang='lat' dir='ltr'>ignoraret</span> 
     </span>
     <span class='ocr_line' id='line_1_17' title="bbox 180 1499 918 1568; baseline 0.003 -18"><span class='ocrx_word' id='word_1_115' title='bbox 180 1501 282 1562; x_wconf 78' lang='lat' dir='ltr'>cottega,</span> <span class='ocrx_word' id='word_1_116' title='bbox 305 1501 432 1565; x_wconf 85' lang='lat' dir='ltr'>externplo</span> <span class='ocrx_word' id='word_1_117' title='bbox 449 1503 566 1550; x_wconf 87' lang='lat' dir='ltr'>nuncium</span> <span class='ocrx_word' id='word_1_118' title='bbox 582 1503 675 1551; x_wconf 88' lang='lat' dir='ltr'>mittit:</span> <span class='ocrx_word' id='word_1_119' title='bbox 699 1501 750 1568; x_wconf 88' lang='lat' dir='ltr'>ipse</span> <span class='ocrx_word' id='word_1_120' title='bbox 767 1501 832 1565; x_wconf 71' lang='lat' dir='ltr'>dgna</span> <span class='ocrx_word' id='word_1_121' title='bbox 849 1499 918 1552; x_wconf 77' lang='lat' dir='ltr'>ocius</span> 
     </span>
    </p>

    <p class='ocr_par' dir='ltr' id='par_1_5' title="bbox 178 1575 924 1796">
     <span class='ocr_line' id='line_1_18' title="bbox 178 1575 924 1644; baseline 0.001 -18"><span class='ocrx_word' id='word_1_122' title='bbox 178 1577 283 1644; x_wconf 76' lang='lat' dir='ltr'>proserii</span> <span class='ocrx_word' id='word_1_123' title='bbox 292 1575 371 1638; x_wconf 87' lang='lat' dir='ltr'>jubet,</span> <span class='ocrx_word' id='word_1_124' title='bbox 388 1575 540 1642; x_wconf 77' lang='lat' dir='ltr'>subsidiaque</span> <span class='ocrx_word' id='word_1_125' title='bbox 556 1576 604 1626; x_wconf 84' lang='lat' dir='ltr'>suis</span> <span class='ocrx_word' id='word_1_126' title='bbox 616 1593 716 1642; x_wconf 77' lang='lat' dir='ltr'>quaeque</span> <span class='ocrx_word' id='word_1_127' title='bbox 729 1578 796 1640; x_wconf 87' lang='lat' dir='ltr'>locis,</span> <span class='ocrx_word' id='word_1_128' title='bbox 814 1579 839 1628; x_wconf 69' lang='grc' dir='ltr'><strong>ἃ</strong></span> <span class='ocrx_word' id='word_1_129' title='bbox 857 1591 924 1643; x_wconf 56' lang='lat' dir='ltr'>pta*</span> 
     </span>
     <span class='ocr_line' id='line_1_19' title="bbox 178 1651 918 1706; baseline 0.001 -3"><span class='ocrx_word' id='word_1_130' title='bbox 178 1653 254 1704; x_wconf 73' lang='lat' dir='ltr'>seiiot</span> <span class='ocrx_word' id='word_1_131' title='bbox 274 1651 382 1703; x_wconf 83' lang='lat' dir='ltr'>subsidiis</span> <span class='ocrx_word' id='word_1_132' title='bbox 402 1653 555 1704; x_wconf 86' lang='lat' dir='ltr'>attribuerat.</span> <span class='ocrx_word' id='word_1_133' title='bbox 590 1656 689 1706; x_wconf 88' lang='lat' dir='ltr'>Dextro</span> <span class='ocrx_word' id='word_1_134' title='bbox 702 1670 779 1705; x_wconf 87' lang='lat' dir='ltr'>cornu</span> <span class='ocrx_word' id='word_1_135' title='bbox 796 1658 828 1704; x_wconf 92' lang='lat' dir='ltr'>L.</span> <span class='ocrx_word' id='word_1_136' title='bbox 840 1655 918 1706; x_wconf 87' lang='lat' dir='ltr'>volu-</span> 
     </span>
     <span class='ocr_line' id='line_1_20' title="bbox 178 1729 917 1796; baseline -0.001 -15"><span class='ocrx_word' id='word_1_137' title='bbox 178 1730 284 1792; x_wconf 81' lang='lat' dir='ltr'>mnium,</span> <span class='ocrx_word' id='word_1_138' title='bbox 301 1729 393 1780; x_wconf 79' lang='lat' dir='ltr'>sinistro</span> <span class='ocrx_word' id='word_1_139' title='bbox 401 1732 433 1780; x_wconf 92' lang='lat' dir='ltr'>L.</span> <span class='ocrx_word' id='word_1_140' title='bbox 443 1731 590 1796; x_wconf 79' lang='lat' dir='ltr'>Scipionem,</span> <span class='ocrx_word' id='word_1_141' title='bbox 607 1732 730 1796; x_wconf 78' lang='lat' dir='ltr'>equitibus</span> <span class='ocrx_word' id='word_1_142' title='bbox 744 1731 917 1796; x_wconf 76' lang='lat' dir='ltr'>legatoe&#39;aiioe‚</span> 
     </span>
    </p>
   </div>
   <div class='ocr_carea' id='block_1_5' title="bbox 79 1804 917 1873">
    <p class='ocr_par' dir='ltr' id='par_1_6' title="bbox 79 1804 917 1873">
     <span class='ocr_line' id='line_1_21' title="bbox 79 1804 917 1873; baseline 0 -19"><span class='ocrx_word' id='word_1_143' title='bbox 79 1815 84 1833; x_wconf 89' lang='grc'><em>·</em></span> <span class='ocrx_word' id='word_1_144' title='bbox 180 1804 254 1868; x_wconf 72' lang='lat' dir='ltr'>Caiot</span> <span class='ocrx_word' id='word_1_145' title='bbox 267 1805 401 1856; x_wconf 67' lang='lat' dir='ltr'>ecdicium</span> <span class='ocrx_word' id='word_1_146' title='bbox 414 1805 749 1873; x_wconf 70' lang='lat' dir='ltr'>&amp;Treboniumpraeseein</span> <span class='ocrx_word' id='word_1_147' title='bbox 776 1812 815 1873; x_wconf 86' lang='lat' dir='ltr'>sp.</span> <span class='ocrx_word' id='word_1_148' title='bbox 829 1806 917 1856; x_wconf 85' lang='lat' dir='ltr'>Nauti-</span> 
     </span>
    </p>
   </div>
   <div class='ocr_carea' id='block_1_6' title="bbox 171 1875 928 2325">
    <p class='ocr_par' dir='ltr' id='par_1_7' title="bbox 171 1875 928 2325">
     <span class='ocr_line' id='line_1_22' title="bbox 171 1875 917 1946; baseline -0.005 -13"><span class='ocrx_word' id='word_1_149' title='bbox 171 1875 222 1938; x_wconf 75' lang='lat' dir='ltr'>&#39;ttm</span> <span class='ocrx_word' id='word_1_150' title='bbox 232 1880 319 1944; x_wconf 88' lang='lat' dir='ltr'>mulos,</span> <span class='ocrx_word' id='word_1_151' title='bbox 337 1881 447 1935; x_wconf 78' lang='lat' dir='ltr'>detraiiie</span> <span class='ocrx_word' id='word_1_152' title='bbox 458 1883 561 1946; x_wconf 79' lang='lat' dir='ltr'>clitellis,</span> <span class='ocrx_word' id='word_1_153' title='bbox 571 1898 628 1932; x_wconf 91' lang='lat' dir='ltr'>cum</span> <span class='ocrx_word' id='word_1_154' title='bbox 640 1882 783 1932; x_wconf 87' lang='lat' dir='ltr'>cohortibus</span> <span class='ocrx_word' id='word_1_155' title='bbox 799 1881 878 1930; x_wconf 77' lang='lat' dir='ltr'>alariis</span> <span class='ocrx_word' id='word_1_156' title='bbox 892 1881 917 1930; x_wconf 93' lang='lat' dir='ltr'>in</span> 
     </span>
     <span class='ocr_line' id='line_1_23' title="bbox 177 1955 917 2026; baseline -0.003 -18"><span class='ocrx_word' id='word_1_157' title='bbox 177 1955 299 2008; x_wconf 78' lang='lat' dir='ltr'>tumulum</span> <span class='ocrx_word' id='word_1_158' title='bbox 310 1957 465 2026; x_wconf 73' lang='lat' dir='ltr'>conspeiium</span> <span class='ocrx_word' id='word_1_159' title='bbox 476 1974 578 2026; x_wconf 82' lang='lat' dir='ltr'>propere</span> <span class='ocrx_word' id='word_1_160' title='bbox 593 1958 777 2008; x_wconf 79' lang='lat' dir='ltr'>circumducere</span> <span class='ocrx_word' id='word_1_161' title='bbox 786 1958 864 2021; x_wconf 89' lang='lat' dir='ltr'>jubet,</span> <span class='ocrx_word' id='word_1_162' title='bbox 881 1967 917 2006; x_wconf 88' lang='lat' dir='ltr'>at-</span> 
     </span>
     <span class='ocr_line' id='line_1_24' title="bbox 177 2035 921 2102; baseline -0.003 -18"><span class='ocrx_word' id='word_1_163' title='bbox 177 2035 299 2102; x_wconf 73' lang='lat' dir='ltr'>quoinde</span> <span class='ocrx_word' id='word_1_164' title='bbox 316 2037 379 2086; x_wconf 85' lang='lat' dir='ltr'>inter</span> <span class='ocrx_word' id='word_1_165' title='bbox 393 2035 471 2102; x_wconf 88' lang='lat' dir='ltr'>ipsam</span> <span class='ocrx_word' id='word_1_166' title='bbox 487 2035 680 2096; x_wconf 84' lang='lat' dir='ltr'>dimicationem,</span> <span class='ocrx_word' id='word_1_167' title='bbox 703 2047 795 2098; x_wconf 86' lang='lat' dir='ltr'>quanto</span> <span class='ocrx_word' id='word_1_168' title='bbox 813 2035 921 2083; x_wconf 66' lang='lat' dir='ltr'>maxim&amp;</span> 
     </span>
     <span class='ocr_line' id='line_1_25' title="bbox 177 2109 919 2180; baseline -0.003 -20"><span class='ocrx_word' id='word_1_169' title='bbox 177 2111 263 2180; x_wconf 84' lang='lat' dir='ltr'>posset,</span> <span class='ocrx_word' id='word_1_170' title='bbox 288 2123 359 2162; x_wconf 87' lang='lat' dir='ltr'>moto</span> <span class='ocrx_word' id='word_1_171' title='bbox 379 2111 481 2177; x_wconf 88' lang='lat' dir='ltr'>pulvere</span> <span class='ocrx_word' id='word_1_172' title='bbox 500 2109 634 2159; x_wconf 85' lang='lat' dir='ltr'>ostendere.</span> <span class='ocrx_word' id='word_1_173' title='bbox 667 2111 735 2156; x_wconf 89' lang='lat' dir='ltr'>Dum</span> <span class='ocrx_word' id='word_1_174' title='bbox 755 2111 793 2158; x_wconf 79' lang='lat' dir='ltr'>hir</span> <span class='ocrx_word' id='word_1_175' title='bbox 813 2109 919 2158; x_wconf 73' lang='lat' dir='ltr'>intentus</span> 
     </span>
     <span class='ocr_line' id='line_1_26' title="bbox 173 2180 928 2252; baseline -0.013 -14"><span class='ocrx_word' id='word_1_176' title='bbox 173 2181 310 2252; x_wconf 79' lang='lat' dir='ltr'>imperator</span> <span class='ocrx_word' id='word_1_177' title='bbox 325 2195 387 2246; x_wconf 86' lang='lat' dir='ltr'>erat,</span> <span class='ocrx_word' id='word_1_178' title='bbox 402 2183 530 2231; x_wconf 79' lang='lat' dir='ltr'>altercatio</span> <span class='ocrx_word' id='word_1_179' title='bbox 545 2182 612 2238; x_wconf 73' lang='lat' dir='ltr'>&#39;inter</span> <span class='ocrx_word' id='word_1_180' title='bbox 630 2180 745 2240; x_wconf 80' lang='lat' dir='ltr'>pullarios</span> <span class='ocrx_word' id='word_1_181' title='bbox 756 2190 810 2228; x_wconf 90' lang='lat' dir='ltr'>orta</span> <span class='ocrx_word' id='word_1_182' title='bbox 827 2180 856 2228; x_wconf 91' lang='lat' dir='ltr'>de</span> <span class='ocrx_word' id='word_1_183' title='bbox 873 2181 928 2228; x_wconf 84' lang='lat' dir='ltr'>au-&#39;</span> 
     </span>
     <span class='ocr_line' id='line_1_27' title="bbox 175 2252 915 2325; baseline -0.008 -15"><span class='ocrx_word' id='word_1_184' title='bbox 175 2260 254 2325; x_wconf 83' lang='lat' dir='ltr'>spicio</span> <span class='ocrx_word' id='word_1_185' title='bbox 269 2259 321 2320; x_wconf 81' lang='lat' dir='ltr'>ejus</span> <span class='ocrx_word' id='word_1_186' title='bbox 335 2257 395 2317; x_wconf 66' lang='lat' dir='ltr'>diei,</span> <span class='ocrx_word' id='word_1_187' title='bbox 409 2257 573 2319; x_wconf 84' lang='lat' dir='ltr'>exauditaque</span> <span class='ocrx_word' id='word_1_188' title='bbox 590 2253 622 2302; x_wconf 87' lang='lat' dir='ltr'>ab</span> <span class='ocrx_word' id='word_1_189' title='bbox 638 2252 762 2316; x_wconf 86' lang='lat' dir='ltr'>equitibus</span> <span class='ocrx_word' id='word_1_190' title='bbox 780 2254 915 2308; x_wconf 83' lang='lat' dir='ltr'>Romanis:</span> 
     </span>
    </p>
   </div>
   <div class='ocr_carea' id='block_1_7' title="bbox 175 2327 1006 2398">
    <p class='ocr_par' dir='ltr' id='par_1_8' title="bbox 175 2327 1006 2398">
     <span class='ocr_line' id='line_1_28' title="bbox 175 2327 1006 2398; baseline -0.017 -16"><span class='ocrx_word' id='word_1_191' title='bbox 175 2335 227 2398; x_wconf 89' lang='lat' dir='ltr'>qui,</span> <span class='ocrx_word' id='word_1_192' title='bbox 243 2347 295 2382; x_wconf 88' lang='lat' dir='ltr'>rem</span> <span class='ocrx_word' id='word_1_193' title='bbox 308 2331 373 2382; x_wconf 82' lang='lat' dir='ltr'>haud</span> <span class='ocrx_word' id='word_1_194' title='bbox 384 2330 541 2396; x_wconf 81' lang='lat' dir='ltr'>spernendam</span> <span class='ocrx_word' id='word_1_195' title='bbox 554 2329 610 2390; x_wconf 84' lang='lat' dir='ltr'>rati,</span> <span class='ocrx_word' id='word_1_196' title='bbox 627 2332 666 2392; x_wconf 87' lang='lat' dir='ltr'>sp.</span> <span class='ocrx_word' id='word_1_197' title='bbox 683 2327 781 2392; x_wconf 88' lang='lat' dir='ltr'>Papirio</span> <span class='ocrx_word' id='word_1_198' title='bbox 796 2327 877 2378; x_wconf 84' lang='lat' dir='ltr'>sratris</span> <span class='ocrx_word' id='word_1_199' title='bbox 887 2331 925 2398; x_wconf 61' lang='lat' dir='ltr'>si.v</span> <span class='ocrx_word' id='word_1_200' title='bbox 1004 2348 1006 2350; x_wconf 96' lang='lat'>-</span> 
     </span>
    </p>
   </div>
   <div class='ocr_carea' id='block_1_8' title="bbox 174 2405 922 2549">
    <p class='ocr_par' dir='ltr' id='par_1_9' title="bbox 174 2405 922 2549">
     <span class='ocr_line' id='line_1_29' title="bbox 175 2405 922 2473; baseline -0.003 -13"><span class='ocrx_word' id='word_1_201' title='bbox 175 2410 211 2462; x_wconf 88' lang='lat' dir='ltr'>tio</span> <span class='ocrx_word' id='word_1_202' title='bbox 226 2406 339 2471; x_wconf 86' lang='lat' dir='ltr'>consulis,</span> <span class='ocrx_word' id='word_1_203' title='bbox 357 2408 491 2472; x_wconf 82' lang='lat' dir='ltr'>ambigide</span> <span class='ocrx_word' id='word_1_204' title='bbox 502 2406 619 2473; x_wconf 89' lang='lat' dir='ltr'>auspicio,</span> <span class='ocrx_word' id='word_1_205' title='bbox 637 2405 854 2455; x_wconf 81' lang='lat' dir='ltr'>renunciaverunt.</span> <span class='ocrx_word' id='word_1_206' title='bbox 871 2410 922 2472; x_wconf 69' lang='lat' dir='ltr'>Ju-,</span> 
     </span>
     <span class='ocr_line' id='line_1_30' title="bbox 174 2483 915 2549; baseline -0.003 -11"><span class='ocrx_word' id='word_1_207' title='bbox 174 2486 254 2549; x_wconf 81' lang='lat' dir='ltr'>venis,</span> <span class='ocrx_word' id='word_1_208' title='bbox 271 2496 328 2536; x_wconf 84' lang='lat' dir='ltr'>ante</span> <span class='ocrx_word' id='word_1_209' title='bbox 337 2483 472 2536; x_wconf 74' lang='lat' dir='ltr'>doiirinam</span> <span class='ocrx_word' id='word_1_210' title='bbox 483 2487 550 2536; x_wconf 85' lang='lat' dir='ltr'>Deos</span> <span class='ocrx_word' id='word_1_211' title='bbox 559 2483 711 2549; x_wconf 78' lang='lat' dir='ltr'>spernentem</span> <span class='ocrx_word' id='word_1_212' title='bbox 721 2494 800 2548; x_wconf 85' lang='lat' dir='ltr'>natus,</span> <span class='ocrx_word' id='word_1_213' title='bbox 817 2501 869 2537; x_wconf 88' lang='lat' dir='ltr'>tem</span> <span class='ocrx_word' id='word_1_214' title='bbox 878 2487 915 2536; x_wconf 90' lang='lat' dir='ltr'>in·</span> 
     </span>
    </p>
   </div>
   <div class='ocr_carea' id='block_1_9' title="bbox 173 2555 1053 2629">
    <p class='ocr_par' dir='ltr' id='par_1_10' title="bbox 173 2555 1053 2629">
     <span class='ocr_line' id='line_1_31' title="bbox 173 2555 1053 2629; baseline 0.001 -19"><span class='ocrx_word' id='word_1_215' title='bbox 173 2561 294 2629; x_wconf 76' lang='lat' dir='ltr'>quisnam,</span> <span class='ocrx_word' id='word_1_216' title='bbox 311 2577 343 2610; x_wconf 86' lang='lat' dir='ltr'>ne</span> <span class='ocrx_word' id='word_1_217' title='bbox 354 2560 414 2626; x_wconf 88' lang='lat' dir='ltr'>quid</span> <span class='ocrx_word' id='word_1_218' title='bbox 424 2562 606 2627; x_wconf 87' lang='lat' dir='ltr'>incompertum</span> <span class='ocrx_word' id='word_1_219' title='bbox 618 2557 723 2608; x_wconf 78' lang='lat' dir='ltr'>deferret</span> <span class='ocrx_word' id='word_1_220' title='bbox 737 2559 768 2609; x_wconf 89' lang='lat' dir='ltr'>ad</span> <span class='ocrx_word' id='word_1_221' title='bbox 785 2560 917 2624; x_wconf 86' lang='lat' dir='ltr'>consulem,</span> <span class='ocrx_word' id='word_1_222' title='bbox 1015 2599 1019 2606; x_wconf 86' lang='lat'><em>.</em></span> <span class='ocrx_word' id='word_1_223' title='bbox 1052 2555 1053 2588; x_wconf 63' lang='lat'><strong>³</strong></span> 
     </span>
    </p>
   </div>
   <div class='ocr_carea' id='block_1_10' title="bbox 145 2633 924 2934">
    <p class='ocr_par' dir='ltr' id='par_1_11' title="bbox 145 2633 924 2934">
     <span class='ocr_line' id='line_1_32' title="bbox 173 2633 924 2703; baseline -0.005 -13"><span class='ocrx_word' id='word_1_224' title='bbox 173 2637 271 2690; x_wconf 85' lang='lat' dir='ltr'>detulit.</span> <span class='ocrx_word' id='word_1_225' title='bbox 283 2637 329 2684; x_wconf 84' lang='lat' dir='ltr'>Cui</span> <span class='ocrx_word' id='word_1_226' title='bbox 341 2637 389 2697; x_wconf 88' lang='lat' dir='ltr'>iile,</span> <span class='ocrx_word' id='word_1_227' title='bbox 399 2639 434 2686; x_wconf 80' lang='lat' dir='ltr'>Ta</span> <span class='ocrx_word' id='word_1_228' title='bbox 443 2637 526 2703; x_wconf 78' lang='lat' dir='ltr'>quidem</span> <span class='ocrx_word' id='word_1_229' title='bbox 533 2633 602 2684; x_wconf 69' lang='lat' dir='ltr'>made</span> <span class='ocrx_word' id='word_1_230' title='bbox 612 2635 696 2686; x_wconf 69' lang='lat' dir='ltr'>viriati</span> <span class='ocrx_word' id='word_1_231' title='bbox 705 2635 852 2702; x_wconf 65' lang='lat' dir='ltr'>diligentiaque</span> <span class='ocrx_word' id='word_1_232' title='bbox 860 2637 899 2700; x_wconf 82' lang='lat' dir='ltr'>esta</span> <span class='ocrx_word' id='word_1_233' title='bbox 906 2634 924 2686; x_wconf 70' lang='lat'>.·&#39;</span> 
     </span>
     <span class='ocr_line' id='line_1_33' title="bbox 173 2711 914 2779; baseline -0.003 -15"><span class='ocrx_word' id='word_1_234' title='bbox 173 2715 268 2764; x_wconf 63' lang='lat' dir='ltr'>adarim</span> <span class='ocrx_word' id='word_1_235' title='bbox 287 2713 322 2775; x_wconf 78' lang='lat' dir='ltr'>qai</span> <span class='ocrx_word' id='word_1_236' title='bbox 339 2713 430 2778; x_wconf 84' lang='lat' dir='ltr'>auspicia</span> <span class='ocrx_word' id='word_1_237' title='bbox 446 2713 511 2775; x_wconf 81' lang='lat' dir='ltr'>adest,</span> <span class='ocrx_word' id='word_1_238' title='bbox 523 2712 545 2776; x_wconf 83' lang='lat' dir='ltr'><em>fi</em></span> <span class='ocrx_word' id='word_1_239' title='bbox 560 2711 670 2777; x_wconf 80' lang='lat' dir='ltr'>qaidfalfi</span> <span class='ocrx_word' id='word_1_240' title='bbox 679 2714 771 2774; x_wconf 80' lang='lat' dir='ltr'>nunciat,</span> <span class='ocrx_word' id='word_1_241' title='bbox 789 2714 811 2762; x_wconf 84' lang='lat' dir='ltr'>ia</span> <span class='ocrx_word' id='word_1_242' title='bbox 814 2715 885 2779; x_wconf 79' lang='lat' dir='ltr'>semet</span> <span class='ocrx_word' id='word_1_243' title='bbox 895 2713 914 2762; x_wconf 83' lang='lat' dir='ltr'>i·</span> 
     </span>
     <span class='ocr_line' id='line_1_34' title="bbox 145 2779 923 2860; baseline 0 -25"><span class='ocrx_word' id='word_1_244' title='bbox 145 2847 149 2852; x_wconf 29' lang='lat'><em>·</em></span> <span class='ocrx_word' id='word_1_245' title='bbox 171 2789 234 2856; x_wconf 76' lang='lat' dir='ltr'>pfiam</span> <span class='ocrx_word' id='word_1_246' title='bbox 244 2786 368 2853; x_wconf 68' lang='lat' dir='ltr'>religionem</span> <span class='ocrx_word' id='word_1_247' title='bbox 375 2787 462 2850; x_wconf 85' lang='lat' dir='ltr'>recipit.</span> <span class='ocrx_word' id='word_1_248' title='bbox 496 2786 562 2836; x_wconf 79' lang='lat' dir='ltr'>Mihi</span> <span class='ocrx_word' id='word_1_249' title='bbox 572 2787 655 2853; x_wconf 80' lang='lat' dir='ltr'>quidem</span> <span class='ocrx_word' id='word_1_250' title='bbox 663 2779 780 2852; x_wconf 75' lang='lat' dir='ltr'>tripudium</span> <span class='ocrx_word' id='word_1_251' title='bbox 789 2787 923 2860; x_wconf 68' lang='lat' dir='ltr'>renudatum„</span> 
     </span>
     <span class='ocr_line' id='line_1_35' title="bbox 170 2863 914 2934; baseline 0 -20"><span class='ocrx_word' id='word_1_252' title='bbox 170 2863 248 2933; x_wconf 76' lang='lat' dir='ltr'>papula</span> <span class='ocrx_word' id='word_1_253' title='bbox 258 2865 353 2916; x_wconf 64' lang='lat' dir='ltr'>&amp;arana</span> <span class='ocrx_word' id='word_1_254' title='bbox 370 2864 510 2930; x_wconf 79' lang='lat' dir='ltr'>exercituique</span> <span class='ocrx_word' id='word_1_255' title='bbox 527 2865 636 2934; x_wconf 82' lang='lat' dir='ltr'>egregium</span> <span class='ocrx_word' id='word_1_256' title='bbox 652 2863 767 2930; x_wconf 79' lang='lat' dir='ltr'>auspicium</span> <span class='ocrx_word' id='word_1_257' title='bbox 779 2863 816 2926; x_wconf 84' lang='lat' dir='ltr'>esi.</span> <span class='ocrx_word' id='word_1_258' title='bbox 852 2866 914 2914; x_wconf 85' lang='lat' dir='ltr'>Cen·</span> 
     </span>
    </p>
   </div>
   <div class='ocr_carea' id='block_1_11' title="bbox 172 2939 929 3142">
    <p class='ocr_par' dir='ltr' id='par_1_12' title="bbox 172 2939 929 3142">
     <span class='ocr_line' id='line_1_36' title="bbox 173 2939 921 3018; baseline -0.001 -24"><span class='ocrx_word' id='word_1_259' title='bbox 173 2941 313 2994; x_wconf 79' lang='lat' dir='ltr'>turionibtaa</span> <span class='ocrx_word' id='word_1_260' title='bbox 329 2940 420 2992; x_wconf 79' lang='lat' dir='ltr'>deinde</span> <span class='ocrx_word' id='word_1_261' title='bbox 435 2943 579 3010; x_wconf 85' lang='lat' dir='ltr'>imperavit,</span> <span class='ocrx_word' id='word_1_262' title='bbox 596 2953 624 3018; x_wconf 79' lang='lat' dir='ltr'>ut</span> <span class='ocrx_word' id='word_1_263' title='bbox 636 2941 751 3008; x_wconf 73' lang='lat' dir='ltr'>putatior</span> <span class='ocrx_word' id='word_1_264' title='bbox 763 2939 826 2991; x_wconf 91' lang='lat' dir='ltr'>inter</span> <span class='ocrx_word' id='word_1_265' title='bbox 836 2941 921 3008; x_wconf 80' lang='lat' dir='ltr'>prima.</span> 
     </span>
     <span class='ocr_line' id='line_1_37' title="bbox 172 3013 929 3141; baseline -0.003 -71"><span class='ocrx_word' id='word_1_266' title='bbox 172 3017 239 3085; x_wconf 64' lang='lat' dir='ltr'>dgna</span> <span class='ocrx_word' id='word_1_267' title='bbox 258 3017 441 3073; x_wconf 83' lang='lat' dir='ltr'>constituerent.</span> <span class='ocrx_word' id='word_1_268' title='bbox 474 3021 630 3078; x_wconf 74' lang='lat' dir='ltr'>Promovent</span> <span class='ocrx_word' id='word_1_269' title='bbox 652 3015 814 3080; x_wconf 66' lang='lat' dir='ltr'>&amp;Samnites</span> <span class='ocrx_word' id='word_1_270' title='bbox 829 3013 929 3141; x_wconf 64' lang='lat' dir='ltr'>fipppi.</span> 
     </span>
     <span class='ocr_line' id='line_1_38' title="bbox 849 3103 912 3142; baseline -0.048 0"><span class='ocrx_word' id='word_1_271' title='bbox 849 3108 859 3142; x_wconf 82' lang='lat' dir='ltr'>r</span> <span class='ocrx_word' id='word_1_272' title='bbox 887 3103 912 3139; x_wconf 84' lang='lat' dir='ltr'>e-</span> 
     </span>
    </p>
   </div>
   <div class='ocr_carea' id='block_1_12' title="bbox 0 0 1070 3642">
    <p class='ocr_par' dir='ltr' id='par_1_13' title="bbox 0 0 1070 3642">
     <span class='ocr_line' id='line_1_39' title="bbox 0 0 1070 3642; baseline 0 2"><span class='ocrx_word' id='word_1_273' title='bbox 0 0 1070 3642; x_wconf 95' lang='lat' dir='ltr'> </span> 
     </span>
    </p>
   </div>
  </div>
 </body>
</html>
