2058 3642
170 209 220 270 54⁸
432 213 468 264 Τ.
503 212 662 263 L1v11

165 303 220 346 tum
232 297 266 348 eis
278 297 362 362 fidens,
379 311 503 366 quantum
520 301 553 350 ab
569 301 638 352 hoste
649 301 733 351 timeri
743 315 789 352 eos
797 301 934 353 credebat.

164 369 218 437 ipse
234 373 349 426 dextrum
370 393 449 426 cornu
467 375 585 427 adversus
603 380 643 426 M.
660 379 767 428 Livium
787 377 833 428 libi
852 391 935 444 atque

166 447 281 514 Hispanis
297 450 335 512 s&
355 453 391 501 ibi
403 453 512 502 maxime
528 453 554 502 in
567 463 651 501 vetere
662 453 743 502 milite
762 452 834 519 spem
847 455 935 503 habe-

166 522 218 586 bnt)
236 523 347 594 sumpfit.
383 530 488 594 Ligures
499 529 525 578 in
538 528 622 579 medio
634 529 688 595 posi
699 531 853 596 elephantos
866 530 934 597 poli-

164 601 200 664 ti;
219 601 263 678 sed
272 605 380 670 longior,
399 614 473 674 quim
485 609 568 670 latior,
584 609 650 656 acies
665 619 729 658 erat.
765 609 859 658 Gallos
871 624 934 676 pro-

165 679 263 730 minens
275 681 345 730 collis
360 685 470 747 tegebat.
507 686 543 732 Ea
553 682 628 742 sront,
646 697 722 746 quarn
734 681 844 750 Hispani
861 695 934 732 tene·

166 754 236 816 bant,
254 771 311 806 cum
323 757 419 809 sinistro
429 763 600 810 Romanorum
609 769 689 808 cornu
700 761 843 810 concurrit.
863 759 935 809 dex-

167 841 206 882 tra
226 835 308 885 omnis
327 839 393 887 acics
404 847 476 888 extra
488 836 601 904 proelium
613 837 726 886 eminens
738 835 859 886 cessabat.
877 837 933 888 col-

165 907 196 958 lis
207 912 336 978 oppositus
348 915 457 975 arcebat,
465 929 497 964 ne
508 924 551 962 aut
563 919 577 962 i
588 915 681 975 fronte,
693 924 738 962 aut
748 915 783 962 ab
794 914 876 963 latere
887 929 935 978 ag-

167 989 338 1053 grederentur.
373 996 442 1044 Inter
464 993 567 1043 Livium
587 989 819 1056 Hasdrubalemque
841 987 934 1056 in‘gens

167 1067 326 1120 contraiium*
342 1081 467 1122 certamen
485 1081 546 1134 erat,
566 1079 691 1135 atroxque
711 1069 790 1120 cades
807 1071 933 1136 utrinque

167 1145 297 1198 edebatur.
315 1151 351 1199 ibi
364 1149 438 1200 duces
449 1150 534 1213 ambo,
551 1148 587 1198 ibi
600 1163 656 1216 pars
670 1148 753 1210 major
768 1147 886 1214 peditum
898 1163 934 1196 e-

168 1223 316 1292 quitumque
329 1230 515 1278 Romanorum:
534 1226 570 1276 ibi
582 1224 696 1292 Hispani,
713 1235 786 1273 vetus
798 1225 872 1274 miles
880 1239 933 1290 pe·

121 1327 131 1338 ε
167 1301 280 1368 ritusque
296 1307 414 1353 Romana
425 1319 523 1370 pugna,
541 1302 566 1352 ἃ
577 1303 691 1365 Ligures,
708 1300 801 1350 durum
811 1302 839 1350 in
852 1301 932 1350 armis

145 1421 151 1430 ,
166 1377 256 1442 ¹genus.
274 1380 366 1430 endem
375 1381 438 1431 verfi
450 1380 585 1446 elephanti,
602 1380 647 1446 qui
662 1380 744 1446 primo
759 1379 858 1446 impetu
871 1375 932 1430 tur-

168 1454 291 1508 baverant
309 1457 489 1524 antesignanos,
508 1458 534 1508 dt
549 1458 603 1521 jam
618 1458 685 1522 signs
701 1469 837 1508 moverant
853 1457 931 1508 loco:

165 1531 264 1594 deinde,
282 1534 407 1584 crescente
425 1535 563 1585 certamine
582 1536 607 1586 dr
628 1537 745 1595 clamore,
762 1536 932 1604 impotentius

165 1609 220 1676 ism
231 1613 293 1676 regi,
305 1614 330 1664 &
343 1615 408 1664 inter
418 1613 480 1664 duas
491 1615 558 1664 acies
567 1613 671 1676 versari,
686 1615 756 1664 velut
765 1615 857 1664 incerti
866 1629 931 1680 quo·

168 1705 224 1741 rum
236 1689 325 1742 essent:
344 1692 410 1744 baud
421 1693 570 1744 diffirnilitcr
582 1693 690 1746 navibus
704 1691 755 1741 stne
767 1693 928 1755 gubernacu-

168 1767 194 1820 lo
207 1769 287 1834 vagis.
324 1771 449 1833 Claudius,
469 1771 531 1836 Qtd
545 1785 596 1837 ergo
613 1770 718 1838 precipiti
735 1771 862 1834 nescitam
881 1769 929 1818 lon·

165 1863 222 1916 gum
238 1849 281 1898 iter
297 1847 374 1913 emcnfi
385 1849 484 1914 scmus?
508 1848 636 1898 clamitans
653 1839 784 1910 militibus,
803 1863 883 1914 quum
901 1849 929 1899 iu

169 1923 303 1976 adversum
320 1927 410 1978 collem
428 1924 516 1976 sruslra
533 1925 599 1990 signa
622 1925 717 1989 erigere
734 1935 840 1976 conatus
862 1925 929 1989 esset,

62 2059 64 2064 ,
170 2004 301 2072 postquam
311 2008 340 2056 es
352 2008 457 2071 regione
467 2006 591 2074 penetrari
605 2003 636 2054 ad
651 2005 745 2055 hostem
760 2020 814 2054 non
824 2005 929 2054 videbat

170 2081 238 2149 posse
245 2103 252 2144 ;
271 2085 388 2136 cohortes
400 2079 497 2152 ali'tht
508 2081 663 2134 subdubius&
674 2083 863 2144 dextrocornu,
883 2082 928 2132 ubi

170 2160 300 2213 stationem
312 2165 390 2228 magis
402 2163 511 2228 segnem,
529 2167 603 2229 quim
612 2176 730 2228 pugnarn,
748 2160 860 2210 suturam
873 2175 925 2210 cer·

169 2239 253 2302 nebat,
272 2242 325 2309 post
337 2245 416 2292 aciem
428 2241 601 2292 circumducit.
619 2239 653 2302 dt,
671 2255 723 2290 non
739 2237 849 2288 hollibus
866 2253 925 2286 rno-

169 2317 210 2379 ds,
229 2317 355 2372 sedetiam
367 2321 415 2372 suis
429 2320 629 2389 inopinantibus,
646 2319 671 2367 in
687 2317 808 2367 sinistrum
818 2316 924 2367 boslium

171 2396 235 2448 istus
244 2396 362 2449 incurrit:
380 2409 499 2464 tantaque
509 2399 622 2448 celeritas
630 2397 687 2460 suit,
703 2407 740 2459 ut,
753 2387 833 2461 quum
844 2396 922 2444 olien-

171 2469 260 2520 disscnt
271 2471 295 2522 sc
306 2475 434 2534 ablatem,
451 2488 514 2522 mox
524 2476 549 2522 in
560 2486 628 2537 terga
635 2473 689 2536 jam
701 2482 849 2538 pugnarent.
884 2473 923 2520 lta

171 2559 205 2594 ex
223 2547 340 2596 ornnibus
358 2547 478 2614 parribus,
497 2549 529 2598 ab
548 2551 640 2611 srotste,
658 2548 689 2598 ab
698 2549 783 2605 latere,
800 2547 832 2595 ab
847 2555 925 2610 tergo,

170 2621 327 2675 trucidantur
336 2623 442 2692 Hispani
453 2625 619 2692 Liguresque:
638 2627 667 2690 ἃ,
674 2625 705 2674 ad
714 2625 802 2674 Gallos
815 2623 867 2686 jam
879 2639 922 2673 cz-

171 2701 213 2754 dcs
226 2713 380 2770 pervenerat.
411 2705 450 2754 Ibi
462 2705 595 2754 minimum
607 2705 745 2754 certaminis
756 2702 814 2752 suit.
832 2701 922 2752 narn&

172 2797 229 2850 pars
246 2797 337 2846 magna
353 2782 386 2833 ab
405 2781 476 2846 lignis
487 2783 598 2846 aberant,
615 2779 795 2848 nosieciilapri,
812 2779 923 2844 stratique

172 2860 262 2921 somno
281 2859 426 2926 parumper
445 2875 531 2924 agros:
550 2861 584 2923 Bc,
602 2861 645 2925 qui
664 2859 774 2918 aderant,
792 2857 879 2906 itincre
893 2871 923 2908 ae

171 2939 268 3000 vigiliis
278 2936 338 2998 scili,
350 2935 562 2988 intolerantissima
570 2938 662 2988 laboris
673 2951 789 3006 corpora,
802 2935 849 2983 vix
858 2948 921 2987 arms

171 3015 282 3067 bumcrit
291 3014 426 3093 gestabant.
461 3016 494 3066 Et
501 3015 556 3079 jam
565 3013 615 3066 diei
627 3013 738 3067 medium
750 3022 811 3079 crat,
828 3009 921 3140 sitisqrpe
