2126 3642
267 276 271 288 ,
368 223 536 276 LIBER
569 223 671 276 XXW.
839 228 892 287 '33⁴1

139 314 212 366 bium
223 311 321 366 fefellit.
355 316 445 380 Itaque
458 315 550 366 Nolam
560 314 591 364 ad
603 315 721 380 collegam
734 313 819 380 mittit,
836 315 898 366 alter
921 338 934 346 ·

138 395 277 456 casuram,
294 393 345 444 dum
363 391 477 456 uastum
489 401 631 459 oppugnetur,
649 405 700 459 opus
712 391 758 460 effe,
775 395 811 459 qui
824 395 891 442 Com·

136 470 204 538 panis
215 479 343 537 opponatur.
377 469 418 519 Vel
425 471 482 536 ipse,
490 469 563 520 resno
574 471 636 520 Nola
641 470 738 538 prcfidio
748 470 837 533 modico,
849 484 892 519 ve·

140 549 215 610 nirct3
231 549 276 610 vel,
288 549 311 614 fi
327 565 375 598 eum
389 549 456 608 ,Nola
472 555 562 612 teneret,
580 547 607 600 θ
624 549 711 598 necdum
726 550 804 615 secare
819 563 854 597 res
864 545 893 596 ab

141 625 265 678 sumitur
275 625 346 696 essent,
357 629 383 694 se
394 628 435 676 Ti.
446 626 571 678 Gracchum
581 628 724 694 proconsulem
736 632 752 676 a*
767 629 893 677 Benevento

132 704 271 754 ,acciturum
288 707 345 757 Hoc
355 707 449 756 nuncio
458 706 598 770 Marcellus,
611 706 708 756 duobus
719 705 827 756 militum
838 703 893 755 mii·

142 781 208 832 libus
225 784 296 835 Nola
313 785 340 834 in
357 783 468 852 prandio
485 783 583 846 relitiis,
601 799 658 834 cum
678 795 761 834 cetero
780 783 892 834 exercitu

116 877 119 886 ⁴
144 854 278 912 c'afitinum
292 862 371 926 venit,
389 859 548 927 adventuque
563 861 615 924 ejus
626 862 756 928 Campani,
771 861 824 925 jam
835 875 892 910 mo-

140 947 231 987 ventes
240 936 298 1001 sese,
309 939 468 1004 quieverunt.
503 941 542 988 Ita
552 943 567 988 a
578 937 676 988 duobus
689 935 830 988 consulibus
843 940 891 988 Ca·
934 955 936 962 ·

139 1005 242 1062 lilinum
256 1016 394 1080 oppugnari
410 1023 529 1082 captum.
546 1013 591 1064 ubi
609 1028 687 1079 quum
704 1013 790 1080 mium,
807 1014 891 1064 sucee-

142 1087 230 1138 dentes
248 1099 339 1140 temere
359 1091 489 1153 moenibus,
515 1089 624 1140 Romani
644 1083 734 1140 milites
752 1089 893 1157 acciperent

141 1163 257 1228 vulnera,
273 1179 353 1231 neque
364 1165 420 1218 satis
431 1166 536 1232 inceptis
549 1162 697 1226 succederet,
715 1163 805 1214 Fabius
816 1163 892 1214 omiu-

142 1238 246 1298 tendam
258 1256 310 1291 rem
321 1257 424 1309 parvam
434 1258 463 1292 ac
472 1242 547 1306 juxta
558 1241 654 1304 magnis
666 1238 797 1304 difficilem,
808 1238 892 1290 absce·
925 1261 932 1272 ·

141 1315 300 1384 alendumque
311 1319 368 1382 inde
375 1319 505 1383 censebat„
515 1331 592 1385 quum
604 1316 756 1382 rksmajores
765 1308 892 1369 instarent.

141 1397 284 1462 Marcellus,
300 1401 378 1451 multa
388 1401 484 1464 magnis
495 1397 598 1450 ducibus
609 1397 670 1451 sicut
684 1389 735 1450 non
747 1396 892 1463 aggredien-

142 1472 185 1536 da,
200 1474 236 1524 ita
255 1475 328 1528 semel
346 1478 458 1542 aggressis
475 1491 528 1528 non
544 1474 690 1526 dimittenda
705 1473 759 1540 eisc,
776 1474 892 1541 dicenda

143 1551 204 1618 quia
215 1567 305 1617 magna
319 1555 532 1610 iamamomenta
544 1555 570 1604 in
587 1564 721 1621 utramque
739 1564 834 1622 partem
845 1555 891 1604 fic·

142 1641 208 1694 ren-t,
225 1633 313 1695 tenuit,
329 1649 360 1684 ne
374 1635 445 1686 irrito
460 1636 560 1702 incepto
574 1633 693 1685 abiretur.
728 1634 815 1685 Vineae
832 1631 891 1686 inde

141 1709 277 1775 omniaque
281 1711 330 1762 alia
336 1727 438 1780 operum
445 1713 707 1778 machinationumque
716 1726 805 1776 genera
812 1725 891 1777 quum

142 1785 348 1849 admoverentur,
366 1791 535 1857 Campanique
544 1789 649 1838 Fabium
658 1797 765 1850 orarent,
782 1797 812 1836 ut
821 1786 891 1839 abire

144 1867 255 1930 Capuam
263 1869 319 1918 tuto
328 1866 413 1918 liceret
419 1885 427 1928 ς
436 1867 520 1934 paucis
531 1864 635 1930 egreius,
642 1863 893 1929 Marcellusportam,

141 1942 396 2008 qnaegredicbantuq
412 1945 557 2013 occupavit,
574 1939 697 2007 caedesque
713 1939 891 2006 promissuro-

140 2019 237 2068 mniut'n
254 2020 320 2070 circa
336 2031 434 2088 portam
445 2021 535 2088 primo,
552 2017 648 2080 deinde,
666 2017 804 2084 irruptione
819 2015 892 2080 seua,

140 2095 217 2144 etiam
228 2095 255 2146 iu
269 2096 332 2146 urbe
347 2096 400 2146 fieri
412 2107 492 2165 coepta
503 2095 545 2146 eli.
582 2093 768 2159 Quinquaginta
777 2091 827 2142 sere
838 2092 891 2160 pri·

140 2175 185 2222 mu
196 2173 278 2236 egressi
291 2177 483 2242 Campanorum,
493 2187 580 2240 ‘quum
590 2171 622 2222 ad
639 2171 745 2235 Fabium
763 2170 890 2237 confugis·

139 2249 203 2314 sent,
220 2250 332 2318 prasidio
347 2251 399 2314 ejus
412 2255 523 2318 Capuam
535 2260 710 2320 pervenerunt.
748 2249 889 2316 Casilinum,

139 2327 206 2377 inter
217 2327 340 2393 colloquia
351 2326 583 2394 cuntiationemque
594 2329 731 2394 petentium
743 2325 827 2392 fidem,
844 2341 889 2394 pet
983 2321 987 2326 ’

138 2400 294 2466 occasionem
303 2415 403 2472 captum
414 2405 457 2456 est.
475 2407 579 2474 captivi,
587 2407 683 2473 quique
693 2409 888 2472 Campanorum,
980 2443 985 2454 .

138 2481 231 2547 quique
241 2483 386 2534 Hannibalis
396 2485 505 2536 militum
517 2496 594 2549 erant,
612 2477 719 2536 Romam
730 2483 800 2546 miffi,
812 2493 888 2549 atque

138 2557 178 2609 ibi
189 2556 215 2606 in
226 2572 323 2610 earcere
332 2560 418 2610 incluti
429 2560 499 2612 sunt:
518 2561 702 2629 oppidanorum
714 2561 794 2612 turba
800 2576 848 2629 per,
857 2559 888 2612 fi-

137 2633 242 2684 nitimur
253 2631 360 2702 populos
371 2639 397 2688 in
409 2637 545 2690 custodiam
557 2639 646 2690 divisa.

173 2715 233 2762 XX.
252 2716 350 2780 Quibus
361 2717 469 2767 diebusa
483 2717 598 2780 Casilino,
615 2716 713 2766 rebeus
722 2715 795 2781 gelli,
811 2713 890 2766 recel-
912 2718 913 2724 ’
941 2723 944 2728 “

136 2790 191 2843 sum
202 2791 243 2854 est,
261 2794 296 2844 eis
309 2795 438 2844 Gracchus
455 2794 481 2844 in
498 2796 606 2846 Lucanis
621 2795 717 2860 aliquot
734 2795 849 2844 cohortes
860 2795 888 2850 in

136 2883 166 2918 aa
181 2869 284 2933 regione
299 2870 466 2936 conscriptas,
477 2887 533 2920 eum
549 2871 663 2938 praescito
680 2871 804 2922 sociorum
818 2871 844 2919 in
859 2885 887 2919 a·

135 2961 195 3009 gros
209 2947 316 2998 bostium
331 2948 466 3016 predatum
479 2947 554 2998 misit.
572 2963 614 2998 eos
626 2947 700 2998 effuse
711 2949 805 3014 palatos
817 2949 888 2998 Han·

134 3037 171 3080 aa
182 3023 293 3096 aimus,
309 3026 376 3082 haud
387 3027 468 3084 multo
482 3028 614 3096 umorem,
630 3025 892 3106 quamtadBeneven«
975 3055 978 3062 -

777 3130 781 3136 -
831 3110 887 3154 tum
