2076 3612
172 241 210 292 ,⁸0
440 237 667 291 'nttvtt

140 349 143 354 ·
174 327 261 376 urbem
275 325 410 378 Cimetram
422 329 497 394 cepit.
515 328 549 378 ibi
561 339 634 395 capta
645 339 799 382 armatorum
807 333 859 384 duo
867 336 925 388 mil.

172 403 207 454 lia
218 404 403 470 quadringenti:
416 405 468 456 caesr
480 405 557 456 setmc
568 417 706 472 pugnantes
717 407 748 458 ad
757 411 924 477 quadringen-

172 492 212 534 tos
230 485 340 548 triginta.
373 486 444 550 Inde,
461 486 622 538 comitiorum
633 486 709 550 cauri
718 488 827 539 Romam
839 491 925 556 prosc·

171 558 232 622 Rus,
250 563 386 614 maturavit
404 579 459 614 cem
469 579 523 612 rem
534 575 616 626 agere.
641 565 814 630 quum-primo
826 579 924 620 vocata

172 639 208 700 Q:
226 638 330 692 Fabium
350 640 475 692 consulem
492 641 601 692 dicerent
619 656 705 690 omnes
725 645 850 708 centurie,
872 650 922 712 Ap.

151 733 155 736 ·
173 716 290 768 Claudius
301 719 435 770 consularis
446 719 598 779 candidatus,
615 719 655 768 vir
666 733 723 768 acer
734 720 760 770 dc
768 722 922 788 ambitiosus,

166 806 222 844 nou
234 793 270 843 sui
281 799 360 861 magis
372 797 474 848 honoris·
489 796 568 858 causi,
586 800 660 861 quim
671 806 700 846 ut
711 799 810 864 patricii
818 813 922 866 recupe-

169 881 254 922 curent
265 872 315 924 duo
328 875 465 926 consularia
476 875 539 937 loca,
557 888 635 939 qutun
647 873 703 936 iuis,
720 885 774 924 tum
785 879 863 926 totius
875 893 922 928 no·

169 947 274 1000 bilitatis
289 953 393 1016 viribus,
411 953 533 1013 incubuit,
548 962 577 1000 ut
589 950 613 1000 se
624 965 681 1000 cum
692 956 726 1015 Q.
739 953 819 1002 Fabio
830 955 920 1006 consu·

168 1026 219 1078 iem
232 1029 350 1081 dicerent.
385 1033 474 1082 Fabius
491 1032 579 1098 primo,
597 1029 627 1078 de
645 1029 669 1078 se
686 1027 772 1080 eadem
787 1032 847 1095 sere,
865 1050 921 1100 qun

170 1106 255 1175 priore
266 1123 341 1173 anno,
358 1108 470 1169 diceudo,
485 1108 603 1157 abnuere.
629 1104 783 1157 circumiere
794 1109 877 1160 sellam
888 1127 919 1161 o·

169 1187 237 1236 mnis
246 1187 363 1236 nobilitas
370 1207 376 1247 ς
394 1187 519 1249 orateur
528 1199 561 1234 ex
570 1199 641 1234 cerno
653 1185 750 1251 plebeio
761 1187 918 1239 consulatum

169 1261 318 1322 extraheret,
335 1261 534 1326 majestatemque
545 1259 672 1326 pristinam
684 1271 736 1310 tum
748 1261 844 1321 honeri,
860 1273 917 1312 tum

169 1339 279 1405 patriciis
288 1339 401 1401 gentibus
413 1338 533 1388 redderet.
561 1338 660 1400 Fabius,
676 1338 773 1389 blentio
782 1337 854 1401 fabio,
863 1353 917 1392 me·

167 1413 210 1465 din
222 1415 335 1463 oratioue
344 1414 426 1464 studia
437 1413 683 1466 horrrinumriedavit.
704 1417 817 1479 fhlimm
829 1418 919 1482 ecimfc

162 1489 231 1557 suiffe
240 1490 312 1556 dixit,
329 1501 353 1542 ut
363 1493 452 1542 duorum
466 1494 611 1560 patricium
621 1493 708 1544 nemina
717 1496 830 1560 reciperet,
842 1495 916 1559 ficii.

163 1585 213 1630 ern,
228 1573 294 1633 purim
306 1572 339 1636 sc,
356 1572 458 1637 confidem
469 1573 523 1637 fieri
539 1572 638 1636 videret:
656 1587 710 1622 num
721 1573 748 1637 se
758 1573 796 1637 sui
811 1574 917 1624 rationem

79 1653 84 1660 ‘
164 1645 266 1708 comitiis,
281 1655 345 1713 quum
356 1657 430 1698 cenna
445 1649 501 1716 leges
507 1647 654 1714 fidurnmfit,
667 1650 755 1714 peffimo
769 1651 917 1715 exemplorum

166 1721 295 1776 habiturum.
330 1728 368 1776 Ita
381 1729 412 1776 L.
426 1729 575 1778 Volumnius
585 1727 617 1778 de
628 1725 698 1795 plebe
709 1741 765 1776 cum
778 1731 827 1792 Ap.
840 1729 915 1778 Cleua

164 1801 209 1856 dio
228 1803 314 1854 consul
332 1805 365 1856 est
384 1805 468 1871 fedius,
486 1809 569 1874 priore
585 1808 646 1859 item
663 1805 793 1856 consulatu
807 1805 875 1878 iuter·
888 1805 915 1859 se

162 1883 314 1948 comparati.
332 1884 456 1937 Nobilitas
465 1886 586 1950 ubjeiiarc
594 1885 683 1947 Fabio,
694 1883 781 1948 lugille
791 1899 849 1934 eum
862 1887 914 1952 Ap.

166 1959 299 2012 Claudium
319 1961 447 2029 collegam,
474 1964 614 2031 eloquentie
632 1961 798 2028 civilibusque
820 1963 915 2013 artibut

161 2038 317 2090 hauddubie
328 2043 503 2109 praestantem(

198 2120 272 2167 XVI.
289 2114 406 2171 comitiis
418 2119 538 2186 perseidis,
554 2125 650 2166 veteres
665 2114 776 2167 consuler
789 2116 845 2180 julli
863 2120 915 2172 bel·-

162 2193 232 2245 lum'
226 2212 252 2246 m
268 2200 367 2248 Samnio
376 2211 466 2262 gerere,
485 2204 620 2262 prorogato
632 2195 657 2243 in
669 2194 712 2243 sex
721 2194 837 2246 menses
831 2213 912 2265 tmpe-

162 2274 212 2323 tio.
246 2277 333 2342 Itaque
350 2273 489 2340 insequenti
505 2287 603 2339 quoque
621 2287 695 2336 anno,
714 2275 745 2321 L.
764 2274 912 2342 Volumnio,

162 2356 214 2418 Ap.
229 2353 334 2404 Claudio
349 2348 497 2416 consulibus,
516 2356 543 2401 P.
559 2351 658 2414 Decius,
676 2352 719 2415 qui
728 2351 816 2402 consul
831 2355 856 2402 in
868 2359 910 2403 Sa-

162 2429 233 2478 mnio
241 2428 337 2478 reliiius
351 2429 470 2494 &collega
478 2429 567 2492 luerat,
580 2426 712 2495 proconsul
721 2426 786 2476 idem
795 2429 910 2496 populari

148 2501 214 2556 'nott
229 2504 320 2556 dellitit
334 2521 416 2572 agros,
433 2507 521 2558 donec‘
530 2507 674 2556 Samnitium
688 2507 834 2568 exercitum,
852 2505 910 2555 nul·

160 2595 237 2646 quam
250 2582 276 2632 se
291 2584 379 2650 proelio
393 2587 598 2642 committentem,
616 2584 739 2649 postremo
750 2584 909 2652 expulitfini-

160 2657 216 2710 bus.
249 2661 376 2710 Etruriam
388 2662 448 2728 pulsr
460 2661 583 2725 petierunt
593 2667 609 2708 ι’
619 2661 652 2724 dr,
669 2662 738 2728 quod
746 2662 911 2726 legationibus

159 2734 325 2800 nequicquam
338 2735 400 2803 sepe
416 2747 586 2800 tentaverant,¹
598 2738 624 2790 id
638 2739 662 2788 se
675 2751 745 2792 tanto
759 2740 857 2803 agmine
868 2755 909 2789 ar·

158 2823 295 2875 mutorum,
311 2814 401 2866 mixtis:
414 2825 507 2866 terrore
526 2817 649 2883 precibus,
672 2819 767 2868 acturos
786 2816 913 2872 efficaciue

67 2934 71 2944 .
158 2891 215 2950 rati,
227 2891 412 2957 postulaverunt
424 2895 563 2962 principum
572 2899 676 2948 Etruriae
685 2896 827 2948 concilium
847 2902 909 2962 Quo

158 2965 256 3031 coacto,
269 2981 311 3032 pcc
321 2980 384 3033 quot
392 2986 469 3022 annos
479 2987 524 3036 pro
535 2972 648 3022 libertate
659 2971 777 3022 dimicent
788 2988 848 3022 cum
856 2977 908 3023 Ro·

158 3045 248 3112 menis,
265 3057 405 3117 exponunt.
422 3051 494 3102 emnia
511 3058 608 3118 ceperim
624 3047 705 3115 ‘ffb'
684 3048 907 3168 stficismrtipppppz
