2058 3642
91 231 141 280 534
303 185 307 192 Ι
351 219 386 268 Τ.
421 215 580 268 Ltvtt

89 307 189 367 Marcii,
205 305 248 374 qul
265 307 367 358 biennio
381 312 439 358 ante
456 295 577 358 mortuus'
586 315 648 358 erat.
684 308 853 361 nocentem

88 399 157 434 nnno
168 383 193 433 n
204 383 304 434 lustrum
316 383 446 436 condietur:
459 385 491 433 est
502 390 517 434 ὲ
529 383 672 434 censoribus
683 387 713 435 Ρ.
729 389 852 454 Sempro·

90 463 133 511 nio
146 459 277 512 Tuditano
289 463 314 512 dt
326 464 365 512 Μ.
379 463 499 513 Cornelio
509 463 630 527 cethego.
657 462 740 512 censa
748 465 855 514 civium

88 539 170 604 capita
181 549 283 592 centurn
297 541 400 605 triginta
411 540 506 610 septem
522 542 610 604 millia,
627 552 731 592 eentum
742 543 771 592 ἃ
780 542 853 592 olio.

87 619 170 668 minor
182 619 313 686 eliquanto
325 635 450 684 uumerus,
467 625 542 686 quim
556 621 601 686 qui
616 631 676 670 ante
686 620 783 670 bellurn
792 619 853 670 sue·

73 703 135 744 ‘run
171 697 210 745 lto
221 711 288 747 anno
300 699 418 764 primum,
437 711 470 748 ex
487 711 538 763 quo
555 696 683 746 Hannibal
700 697 728 746 in
745 697 854 747 Italiam
957 693 958 696 ’

88 773 199 836 venisset,
212 777 345 826 comitium
354 776 446 826 tellum
457 775 512 838 esse,
522 776 651 826 memoriae
661 775 793 842 proditum
804 775 852 840 est,
957 805 958 834 3

87 855 112 904 dr
124 855 194 906 ludos
204 858 331 906 Romanor
342 857 416 906 semel
428 855 572 906 instauratos
584 854 617 904 ab
624 853 738 904 aditibus
749 855 852 904 curuli·
957 871 958 878 ¹

87 933 133 982 bus
146 937 180 998 Q.
193 921 298 984 Metello
309 935 334 986 ἃ
345 935 374 985 C.
384 933 501 985 servilio.
517 933 544 984 ἃ
553 933 656 1002 plebeiis
665 931 729 982 ludis
737 932 851 984 biduum

86 1011 248 1062 instauratum
259 1013 291 1063 ab
308 1016 342 1078 Q.
356 1011 472 1064 Mamilio
488 1012 513 1062 dt
526 1014 566 1062 M.
578 1011 679 1061 Caecilio
690 1011 799 1060 Metello
811 1025 848 1061 ε-

88 1089 180 1140 dilibur
190 1089 276 1157 plebis.
295 1089 320 1140 dr
332 1091 379 1138 trin
392 1089 458 1154 signa
469 1088 500 1140 nd
511 1089 607 1138 ceretis
619 1087 694 1137 iidem
703 1086 851 1138 dederunte·

87 1169 114 1218 dr
125 1169 198 1234 Jovir
210 1170 310 1236 epulum
321 1167 370 1217 suit
379 1167 495 1217 ludorum
506 1167 588 1234 eausa.
627 1165 792 1217 Consulatum
804 1167 847 1216 in·

89 1246 120 1296 de
133 1247 219 1297 ineunt
230 1249 262 1310 C:
274 1245 390 1296 claudlnr
403 1248 472 1296 Nero
484 1245 510 1294 tr
519 1247 557 1294 M.
572 1243 662 1294 Livius
671 1244 773 1296 lterum.
790 1244 847 1309 qui3

88 1326 216 1390 quiajam
233 1325 352 1390 dessgnati
368 1324 514 1391 provincias
531 1323 613 1374 sortiti
630 1333 709 1388 erant,
726 1333 848 1390 pretores

88 1403 170 1452 sortiri
188 1403 317 1466 jusserunt.
354 1406 385 1453 C.
403 1403 518 1453 Hollilio'
528 1402 624 1452 urbana
639 1403 740 1452 evenit:
758 1401 848 1452 addire

88 1483 113 1530 ἃ
125 1481 262 1547 peregrina,
279 1490 308 1529 ut
320 1491 371 1542 tren
383 1481 409 1529 in
424 1479 570 1546 provinciae
585 1483 656 1532 exire
668 1479 773 1548 p'ossfflt.
807 1481 847 1530 A.

86 1557 324 1621 mortuorunm,
344 1561 373 1609 C.
386 1558 505 1608 Mamilio
517 1559 617 1623 siculas
626 1561 658 1609 L.
675 1558 765 1609 Porcio
780 1556 847 1607 Gal„

86 1638 119 1689 lia
131 1637 224 1686 evenit.
261 1641 362 1686 summa
373 1636 501 1701 legionum
517 1637 593 1686 trium
608 1638 633 1687 &
645 1638 739 1702 viginti
752 1637 790 1686 ita
799 1647 847 1704 per

86 1715 230 1786 provincias
247 1715 336 1780 divisa,
354 1726 383 1766 ut
399 1717 465 1766 binae
482 1715 613 1766 consulum
625 1715 714 1777 essent;
733 1727 846 1780 quatuor

86 1794 207 1863 Hispania
225 1795 344 1856 haberet3
362 1805 410 1844 tres
431 1803 548 1861 praetores
564 1792 643 1857 binas,
662 1795 687 1843 in
705 1793 797 1856 sicilia,
815 1793 847 1842 in

88 1875 208 1942 Sardinia,
220 1874 246 1924 ἃ
259 1875 355 1942 Gallim
374 1873 433 1940 duas
446 1877 475 1922 C.
487 1875 621 1923 Terentius
631 1873 657 1922 in
666 1873 784 1932 Etruria3
800 1869 848 1921 du·

88 1967 115 2003 ar
128 1951 165 2018 Q]
173 1951 280 2002 'Fulvius
291 1953 316 2003 in
333 1953 433 2002 Bruttiis
440 1970 447 2012 ;
464 1949 523 2000 duas
536 1954 570 2016 Q.
581 1947 699 2000 claudius*
711 1952 778 1999 circa
790 1951 848 1998 Ta-

87 2041 188 2082 rentum
198 2029 369 2082 &Salentlnos
377 2051 384 2094 ;
402 2035 477 2079 unam
490 2031 520 2078 C.
534 2025 652 2078 Hostilius
666 2026 785 2076 Tubulus
795 2027 849 2076 Ca·

89 2105 160 2176 'pum
170 2107 232 2158 duae
244 2109 345 2160 urbanae
356 2120 384 2158 ut
395 2107 570 2158 scriberentur.
590 2106 675 2174 primis
690 2115 800 2171 quatuor
808 2105 847 2154 le·

88 2184 205 2250 gionibus
217 2187 324 2254 populus
336 2187 449 2236 tribunos
461 2183 572 2236 creavit:
591 2184 616 2234 in
626 2191 723 2234 ceteras
731 2179 848 2238 eonsules

90 2261 221 2314 miserunt.

122 2343 264 2406 XXXVII.
282 2341 427 2408 Priusquam
440 2341 552 2392 consuler
561 2337 783 2409 proficiscerentur,
796 2351 846 2388 no-

88 2417 215 2468 vemdiale
227 2417 322 2466 sacrum
334 2419 391 2480 suit,
410 2420 469 2482 quia
479 2419 549 2482 Vejir
564 2419 595 2468 de
604 2417 664 2468 coelo
675 2413 844 2481 lapidaverat.

88 2495 138 2545 Sub
156 2491 229 2542 unius
246 2493 353 2559 prodigii
375 2495 413 2555 (ut
434 2495 473 2560 sit)
498 2498 653 2546 mentionem
672 2495 719 2543 alia
740 2507 845 2559 quoque

88 2567 218 2627 nunciata;
236 2570 372 2618 Minturnis
389 2569 468 2619 aedem
486 2574 559 2635 Jovir
572 2565 601 2621 ’ἃ
618 2571 703 2620 lucum
717 2569 825 2619 Maricae
834 2587 845 2632 ς

89 2649 148 2698 item
163 2644 248 2696 Atellae
256 2647 355 2696 mrirum
365 2647 390 2696 dt
403 2657 502 2714 portam
514 2649 544 2698 de
556 2649 618 2698 cneio
630 2646 701 2698 tersia.
730 2647 844 2696 Mintur·

88 2723 183 2789 nenses,
204 2724 338 2788 terribilius
359 2725 427 2792 qnod
446 2725 513 2790 esset,
536 2727 693 2790 adjiciebant,
717 2723 846 2788 sanguinis

89 2807 175 2856 rivum
184 2807 293 2870 inporta
305 2802 410 2852 fluxisse.
429 2804 455 2853 δε
466 2805 645 2871 Capuaelupur,
664 2800 845 2868 nolleportam

90 2883 215 2948 ingressus,
235 2881 338 2947 vigilem
356 2883 502 2931 laniaverat.
539 2886 601 2932 Haec
615 2887 748 2946 procurata
759 2880 845 2929 holliir

88 2959 226 3018 majoribus
237 2957 359 3026 prodigia,
378 2957 404 3006 ἃ
420 2957 569 3022 supplicatio
581 2955 645 3004 diem
656 2969 735 3004 unum
751 2953 845 3007 snitex

85 3035 188 3086 decreto
199 3033 358 3102 pontificum.
376 3033 435 3085 inde
449 3035 541 3112 iterum
551 3031 712 3088 novemdiale
723 3033 845 3085 inllauna·

280 3124 283 3128 ’
453 3131 456 3138 ·
774 3119 832 3162 tutu
