2130 3642
363 248 533 300 LIBER
567 251 642 300 XXI.
832 255 875 306 161

126 347 154 388 ra
167 334 259 397 solum,
278 331 320 382 sed
334 333 459 402 elephanti
471 335 555 400 etiam,
572 335 660 386 deduci
673 333 776 404 possent.
812 339 881 402 Qua-

126 413 242 463 triduum
256 411 320 459 cirta
333 426 419 477 rupem
429 409 634 478 consumptum,
624 413 742 475 jumentis
755 427 831 478 prope
842 409 879 464 sa·

129 487 336 554 meabsumptis:
354 488 421 538 nuda
439 489 505 538 enim
522 487 573 538 iere
591 488 793 551 cacumiuasunt,
811 487 844 549 Sc,
862 475 879 538 ii

130 563 236 631 quidest
248 565 343 632 pabuli,
360 565 470 614 obruunt
485 565 564 613 nives.
600 564 721 614 inferiora
730 565 804 614 valles
817 563 841 614 ἃ
853 580 880 612 a

130 641 216 708 pricos
234 639 354 705 quosdam
372 641 445 689 colles
463 641 561 702 habent,
579 642 695 708 rivosque
711 656 787 708 prope
799 639 880 709 irlvaS,

132 716 179 765 δι’
168 733 222 780 Jam
235 707 344 766 humabo
362 717 430 766 cultu
447 715 559 780 digniora
576 717 639 768 loca.
676 717 714 768 Ibi
730 718 840 780 jumenta
854 715 880 768 in

130 784 254 859 pabulum
263 792 340 855 milla,
353 793 377 842 ἃ
387 794 455 858 quies
466 790 600 844 muniendo
613 793 662 843 sets
664 809 674 843 s
685 793 826 844 horninibus
835 785 879 842 da·

30 882 41 907 ·
131 880 157 918 ta
168 871 261 919 triduo
280 871 337 920 rude
348 870 379 919 ad
388 871 489 937 planum
501 871 651 937 descensum,
664 873 806 924 etramlocu
816 869 878 922 mol-

130 947 239 997 lioribus
251 949 275 998 8<
287 949 447 998 accolarum
440 951 555 1012 ingeniis.

167 1029 323 1075 XXXVIII
340 1028 396 1075 Hoc
407 1028 515 1076 maxime
529 1025 628 1076 modo'
621 1043 646 1074 rn
663 1027 759 1078 Italiam
771 1041 877 1092 perven-

133 1110 188 1150 tum
201 1103 243 1164 eii,
255 1103 342 1166 quinto
355 1101 436 1150 mense
448 1107 461 1151 a
475 1102 626 1166 Karthagine
639 1105 722 1164 Nova,
731 1105 769 1164 (ut
781 1099 880 1166 quidam

132 1176 246 1228 autiores
265 1179 329 1241 sunt)
352 1179 540 1243 quintodecimo
564 1179 603 1228 die
624 1179 729 1245 Alpibus
752 1178 878 1244 superatis.

135 1258 243 1319 Quantae
252 1257 328 1323 copia
338 1255 481 1320 transgresso
490 1257 515 1304 in
528 1255 625 1306 Italiam
635 1255 766 1306 Hannibali
778 1253 879 1320 fuerint,

87 1373 90 1376 .
133 1348 291 1398 nequaquam
303 1331 485 1385 interautiores
494 1333 595 1383 constat.
614 1335 657 1399 qui
669 1335 809 1400 plurimum,
822 1347 879 1382 cen·

133 1421 188 1459 tum
201 1409 278 1458 millia
295 1411 414 1476 perlitum,
431 1409 522 1476 viginti
540 1411 649 1478 equitum
667 1410 736 1462 inille
753 1405 878 1470 lcribuut}

133 1487 183 1552 qui.
192 1487 334 1548 minimum
338 1487 443 1551 viginti
461 1487 538 1575 millia
556 1479 675 1555 peditum,
696 1487 739 1540 sex
756 1487 877 1554 equiturn.

132 1564 164 1612 L.
177 1563 276 1612 Cincius
286 1562 423 1612 Alimentus
425 1565 484 1628 ,qui
494 1574 593 1632 captum
603 1563 625 1613 se
634 1563 665 1614 ab
675 1563 813 1618 Hannibale
823 1563 882 1612 scri·

133 1637 180 1699 bit,
196 1640 306 1688 maxime
313 1639 401 1689 aanor
416 1655 456 1688 me
468 1651 590 1702 moveret,
607 1640 650 1708 nifi
663 1639 878 1691 confunderetnu·

131 1731 240 1778 merum,
246 1716 335 1764 Gallis
351 1715 532 1782 Liguribusque
550 1701 655 1766 addiiis:
674 1733 730 1765 cum
751 1717 787 1765 his
808 1711 877 1766 olio·

131 1793 202 1859 ginta
213 1791 291 1843 millia
303 1793 421 1860 peditum
439 1795 523 1846 decem
535 1795 655 1859 equitum
673 1793 877 1844 adduiiainlta-

130 1873 206 1925 liam:
225 1870 311 1935 (magis
323 1870 441 1925 affluxille
451 1870 580 1926 Verisimile
591 1869 632 1932 eil,
642 1871 685 1918 8<
679 1881 713 1918 rta
726 1869 824 1934 qnidam
834 1883 877 1916 au-

131 1951 212 2004 ssores
220 1945 294 2016 sunt.)
306 1963 338 1999 er
348 1949 400 2016 ipso
410 1961 492 2000 autern
501 1945 591 1997 ancillis
598 1947 744 2007 Hannibale,
753 1945 879 2012 postquam

131 2025 284 2076 Rhodanum
295 2026 423 2088 transterit,
436 2026 539 2089 triginta
549 2022 591 2072 stx
603 2022 680 2072 millia
691 2021 830 2082 hominum,
841 2020 878 2069 iu·

132 2113 280 2169 gentemque
293 2119 422 2152 numerum
432 2117 553 2168 equorum
564 2099 703 2150 &aliorum
709 2098 880 2162 jumentorum

132 2177 234 2230 amistlse
246 2179 272 2229 iu
286 2179 413 2243 Taurinis,
426 2194 480 2246 quae
493 2177 570 2226 Gallis
582 2177 697 2244 proxima
710 2189 768 2240 gens
780 2183 839 2238 erat,
852 2174 879 2222 in

132 2257 232 2308 Italiam
252 2255 365 2322 digresso.
400 2257 430 2307 ld
447 2273 525 2323 quum
544 2257 606 2306 inter
624 2254 711 2304 'omnes
728 2253 829 2317 constet,
847 2269 879 2304 eu

132 2335 212 2399 magis
222 2334 301 2382 miror
312 2334 415 2398 ambigi,
428 2349 535 2401 quanam
548 2335 622 2402 Alpes
633 2333 769 2382 transierit:
787 2327 878 2382 &v‘ul-

132 2415 166 2476 gb
179 2410 284 2472 credere,
302 2413 404 2475 Penino,
421 2421 496 2476 atque
514 2409 569 2464 inde
587 2426 678 2470 nomen
697 2411 792 2475 &jugo
805 2405 876 2478 Alpi·

132 2501 176 2540 um
188 2485 303 2548 inditum,
322 2485 500 2550 transgressum.
538 2487 627 2534 Coelius
642 2501 686 2554 per
697 2488 825 2536 Cremonis
835 2479 876 2549 ju·

132 2577 193 2626 gum
205 2562 265 2611 dicit
277 2561 391 2611 tranliise.
417 2564 459 2626 qui
471 2563 546 2614 ambo
557 2562 631 2612 saltus
641 2578 699 2612 eum
710 2579 760 2613 non
771 2565 796 2612 in
806 2568 876 2628 Taua·

131 2641 206 2702 rinos,
225 2640 265 2689 sed
277 2657 322 2709 per
333 2639 433 2690 salassos
444 2653 575 2692 montanos
586 2641 616 2690 ad
626 2641 721 2702 Libuos
733 2643 819 2692 Gallos
833 2642 876 2698 da-

130 2715 263 2772 duxisscnt.
298 2719 353 2766 Nec
365 2717 493 2766 verifimile
508 2719 547 2778 est,
566 2733 593 2766 ea
606 2729 659 2768 tum
670 2718 701 2768 ad
714 2721 821 2776 Galliam
833 2723 881 2786 pa·'

131 2791 202 2843 tuisse
213 2795 302 2842 itinera
311 2811 319 2852 ;
336 2793 431 2856 utique,
448 2808 501 2858 quae
511 2794 542 2843 ad
561 2796 679 2846 Peniuurn
696 2787 787 2859 strunt,
804 2797 876 2855 obte-

132 2881 175 2936 pta
194 2871 308 2933 gentibus
328 2869 507 2932 semigermanis
526 2871 632 2922 fuiss'ent.
656 2865 743 2940 neque,
761 2875 910 2936 Hercule,

132 2947 260 2995 montibus
272 2948 309 3006 his
326 2947 353 3009 (u
345 2959 435 3011 tquem
447 2946 510 2997 sorte
521 2947 546 2998 id
557 2951 659 3016 morin·
666 2951 697 3000 ab
713 2951 813 3006 transitu
819 2954 876 3002 --Poe

132 3035 224 3074 aarum
234 3023 285 3078 ullo
298 3023 414 3092 Veragri,
430 3024 543 3132 incola
533 3027 588 3094 jugi
605 3029 666 3096 ejus,
683 3027 775 3080 obruat
784 3041 876 3080 nomen

773 3103 875 3153 ‚tadu
