2130 3642
157 147 205 208 156
407 149 635 202 'r.L1v11

156 235 297 302 scipionem
316 233 417 288 fratrem
434 254 491 288 cum
504 239 614 288 maxima
632 247 702 305 parte
719 236 847 304 copiarum
857 235 903 288 ad·

155 311 242 362 versus
257 311 435 365 Hasdrubalem
452 313 531 374 misit5
554 329 605 364 non
622 314 654 364 ad
673 313 777 364 tuendos
791 324 902 363 tantum-

152 383 339 441 'modoveteres
351 391 431 442 socios
448 390 664 456 conciliandosque
673 407 762 455 novos,
779 390 903 440 sedetiam
987 401 991 406 ·

157 466 189 515 ad
200 467 340 534 pellendum
352 468 471 538 Hispania
485 468 671 519 Hasdrubalem.
690 467 903 536 ipseeumadmo·

157 542 218 594 dum
232 546 330 609 exiguis
339 547 418 613 copiis
433 550 546 596 Genuam
558 547 656 614 repetit,
673 561 713 610 eo,
729 547 772 612 qui
781 547 847 596 eirca
858 547 904 594 Pa·

157 619 291 685 dumetae,
308 624 419 674 exercitu
435 623 533 673 Italiam
544 621 695 680 defensurus.
729 621 858 675 Hannibal·
871 620 906 670 ab

156 699 280 749 Druentia
294 701 422 768 campestri
433 703 540 752 maxime
556 702 644 750 itinere
659 716 716 750 eum
727 699 794 749 bona
803 715 864 768 paee
873 697 905 750 ad
966 739 969 743 .
1050 713 1051 718 ¹

157 777 233 842 Alpes
248 776 409 828 incolentium
421 793 449 826 ea
460 779 516 828 loca
526 777 656 826 Gallorum
667 779 790 844 pervenit.
826 780 906 836 Tum,

156 865 297 918 quanquam
306 853 372 904 lama
383 856 450 922 prids
468 855 527 921 (qud
538 856 631 904 incerta
646 855 671 904 Γιι
686 853 764 917 majus
774 867 836 902 vero
845 851 905 900 ferri

154 928 247 996 solent)
265 943 440 998 praeceptores
462 941 522 994 erar,
540 942 623 980 tamen
640 945 673 981 ex
689 929 831 996 propinquo
849 926 906 977 visa

153 1008 281 1058 'montium
292 1007 407 1070 altitudo,
426 1005 543 1073 nivesque
555 1007 617 1057 eoelo
629 1023 707 1080 prope
718 1007 847 1069 immixta,
865 1017 903 1054 te·

155 1081 196 1134 Ra
204 1084 321 1136 informia
331 1084 442 1153 imposita
454 1085 563 1152 rupibus,
582 1099 672 1150 pecora
681 1085 842 1170 jumentaque
851 1093 905 1132 tor·

48 1217 53 1228 ⁸
156 1159 212 1212 uda
223 1159 325 1226 frigore,
342 1163 454 1210 homines
466 1159 553 1209 intonsi
566 1159 590 1208 &
605 1160 700 1224 inculti,
717 1144 857 1210 animalia
850 1175 903 1209 rna·

154 1238 272 1304 nimaque
290 1239 374 1288 omnia
391 1237 496 1302 rigentia
512 1237 576 1301 gelu,
594 1247 675 1286 cetera
692 1237 757 1300 visu,
775 1242 848 1302 quam
865 1236 904 1285 di-

157 1313 207 1373 uu,
231 1312 343 1376 foediora,
368 1323 487 1362 terrorem
507 1314 669 1364 renovarunt.
704 1313 883 1378 Erigentibus'
876 1327 904 1362 ιιι

157 1392 252 1456 primos
262 1405 350 1456 agmen
363 1390 442 1440 clivos
453 1401 619 1457 apparuerunt
631 1391 785 1441 imminentes
797 1390 904 1440 tumulos

155 1467 286 1520 insidentes
299 1469 429 1518 montani:
446 1469 499 1532 qui,
517 1467 534 1516 Γι
549 1467 624 1516 valles
640 1468 787 1518 occultiores
802 1465 902 1518 insedis-

155 1549 219 1608 sent,
235 1549 319 1598 coorti
330 1548 355 1596 in
368 1561 476 1614 pugnam
487 1549 594 1614 repente,
612 1547 738 1610 ingentem
750 1547 835 1612 sugam
844 1547 902 1595 ura-

153 1631 264 1690 'gemque
281 1623 406 1676 dediisent.
441 1623 565 1674 Hannibal
587 1623 714 1674 eonfillere
734 1623 798 1688 signa
814 1623 901 1688 jubetg

154 1701 285 1766 Gallisque
297 1701 327 1752 ad
339 1699 439 1752 visenda
452 1701 506 1752 loca
517 1701 648 1768 praemiiis,
665 1703 792 1770 postquam
801 1717 903 1769 compe·

140 1777 143 1798 ³
155 1781 198 1844 rit,
208 1781 333 1836 nasutum
344 1779 495 1842 elnonem,
506 1779 580 1828 eastra
592 1774 656 1830 inter
664 1777 809 1844 confragola
819 1779 904 1829 omnia
970 1784 977 1792 '

115 1882 118 1890 ·
138 1867 337 1938 :praeruptaque
364 1864 436 1925 qnam
455 1849 616 1908 extentissima
634 1857 712 1923 potest
729 1857 802 1922 valle,
828 1857 904 1908 locat.
954 1871 956 1874 ·

142 1931 228 1987 ''lfutn
241 1929 285 2012 per
293 1931 391 1995 coliem
402 1935 495 1997 Gallos,
504 1933 570 1984 haud
579 1931 634 1982 sane
643 1934 749 1984 muitum
757 1934 840 1998 lingua
849 1950 905 1984 mo·

100 2031 102 2038 ’
156 2005 273 2078 rebusque
278 2003 461 2076 abhorrentes,
458 2007 537 2088 quiem
547 2007 574 2060 Γε
582 2008 767 2060 immiscuissent
775 2010 905 2075 colloquiis

90 2137 93 2144 ,
156 2095 343 2168 montanorum,
361 2075 574 2154 edotinsin'terdiu
588 2085 798 2138 tantumonsueri
807 2086 904 2155 saluum,

156 2155 618 2233 ἰιοΓΓιΓιιΓιιιιιιιιιιιιιιιιιιΓΓΓιΓιΓιιὲΓις
630 2161 902 2234 lucqprimisubiitru-
978 2211 983 2220 ,

154 2233 246 2304 mulos,
263 2253 291 2292 ut
308 2256 340 2292 ex
358 2251 443 2310 aperto
454 2253 537 2308 atque
541 2239 650 2298 hrterdlu
663 2241 716 2304 vim
720 2241 903 2307 perangustus

107 2315 119 2362 .'
154 2313 273 2374 ramirus.
292 2313 435 2372 niedirnde
446 2316 587 2370 ΓΓιιιιιΓιιιιιΓο
600 2315 681 2381 aliud,
697 2322 771 2384 quam
781 2317 903 2386 quodpe-

116 2385 119 2392 ’
156 2398 266 2474 sabatur,
280 2396 439 2464 consumpto,
451 2401 535 2470 quum
545 2397 650 2460 eodem,
665 2410 720 2460 quo
736 2395 903 2462 conilirerant,

145 2465 505 2539 ²loeocallracommunilient,
522 2471 905 2550 ubiprimdmdegreilosnrmu-

103 2591 107 2598 .
155 2546 703 2625 lismontanoslaxatasquesensrtotllodias,
721 2554 906 2621 pluribusigni-
968 2547 972 2553 ’
1051 2597 1058 2618 ,

156 2629 215 2692 bus,
232 2633 304 2696 quam
320 2642 477 2694 pronumero
491 2635 653 2696 manentium,
669 2634 696 2682 Γιι
714 2629 819 2700 speciem
829 2631 907 2697 lauis,

158 2705 387 2772 impedimentifque
403 2723 460 2757 eum
475 2711 557 2774 equire
569 2705 665 2772 relillis,
684 2703 907 2778 &maximdparte

115 2789 116 2793 ’
158 2783 285 2872 peditum
301 2782 351 2850 ipse
369 2799 426 2833 cum
444 2785 584 2849 expeditis,
591 2786 712 2836 acerrimo
726 2787 906 2852 quoqueviro,

93 2875 97 2922 ᾗ
157 2861 250 2926 raptim
260 2861 492 2926 angustiasevadit:
512 2861 774 2953 iisqueipststumulis,
784 2865 918 2928 quosho-'

155 2939 204 2992 lies
215 2948 353 3023 renuerant,
360 2935 492 2992 consedit.

668 2981 671 2986 ³
631 2995 832 3094 Γιιιιιιιι.
849 3015 904 3074 ιιι.
