<?xml version="1.0" encoding="UTF-8"?>
<!DOCTYPE html PUBLIC "-//W3C//DTD XHTML 1.0 Transitional//EN"
    "http://www.w3.org/TR/xhtml1/DTD/xhtml1-transitional.dtd">
<html xmlns="http://www.w3.org/1999/xhtml" xml:lang="en" lang="en">
 <head>
  <title>
</title>
<meta http-equiv="Content-Type" content="text/html;charset=utf-8" />
  <meta name='ocr-system' content='tesseract 3.04.00' />
  <meta name='ocr-capabilities' content='ocr_page ocr_carea ocr_par ocr_line ocrx_word'/>
</head>
<body>
  <div class='ocr_page' id='page_1' title='image "./historiarumabur00livygoog_0536.png"; bbox 0 0 2058 3642; ppageno 0'>
   <div class='ocr_carea' id='block_1_1' title="bbox 332 177 995 262">
    <p class='ocr_par' dir='ltr' id='par_1_1' title="bbox 332 177 995 262">
     <span class='ocr_line' id='line_1_1' title="bbox 332 177 995 262; baseline 0.008 -6"><span class='ocrx_word' id='word_1_1' title='bbox 332 177 521 256; x_wconf 66' lang='lat' dir='ltr'>&#39;Lissi</span> <span class='ocrx_word' id='word_1_2' title='bbox 553 203 669 254; x_wconf 78' lang='lat' dir='ltr'>xxvii.</span> <span class='ocrx_word' id='word_1_3' title='bbox 840 213 888 262; x_wconf 75' lang='lat' dir='ltr'>sss</span> <span class='ocrx_word' id='word_1_4' title='bbox 983 185 995 261; x_wconf 65' lang='lat' dir='ltr'>s</span> 
     </span>
    </p>
   </div>
   <div class='ocr_carea' id='block_1_2' title="bbox 142 274 892 364">
    <p class='ocr_par' dir='ltr' id='par_1_2' title="bbox 142 274 892 364">
     <span class='ocr_line' id='line_1_2' title="bbox 142 274 892 364; baseline -0.015 -15"><span class='ocrx_word' id='word_1_5' title='bbox 142 274 327 359; x_wconf 61' lang='lat' dir='ltr'>mitas‘secerat]</span> <span class='ocrx_word' id='word_1_6' title='bbox 345 295 412 363; x_wconf 85' lang='lat' dir='ltr'>quod</span> <span class='ocrx_word' id='word_1_7' title='bbox 430 297 539 364; x_wconf 86' lang='lat' dir='ltr'>spretum</span> <span class='ocrx_word' id='word_1_8' title='bbox 558 295 581 344; x_wconf 87' lang='lat' dir='ltr'>se</span> <span class='ocrx_word' id='word_1_9' title='bbox 601 296 627 344; x_wconf 85' lang='lat' dir='ltr'>in</span> <span class='ocrx_word' id='word_1_10' title='bbox 645 309 673 342; x_wconf 86' lang='lat' dir='ltr'>ea</span> <span class='ocrx_word' id='word_1_11' title='bbox 691 291 792 356; x_wconf 79' lang='lat' dir='ltr'>fortuna</span> <span class='ocrx_word' id='word_1_12' title='bbox 808 291 892 340; x_wconf 81' lang='lat' dir='ltr'>crede·</span> 
     </span>
    </p>
   </div>
   <div class='ocr_carea' id='block_1_3' title="bbox 144 369 914 441">
    <p class='ocr_par' dir='ltr' id='par_1_3' title="bbox 144 369 914 441">
     <span class='ocr_line' id='line_1_3' title="bbox 144 369 914 441; baseline -0.008 -15"><span class='ocrx_word' id='word_1_13' title='bbox 144 376 198 426; x_wconf 80' lang='lat' dir='ltr'>bat.</span> <span class='ocrx_word' id='word_1_14' title='bbox 233 375 317 441; x_wconf 82' lang='lat' dir='ltr'>itaque</span> <span class='ocrx_word' id='word_1_15' title='bbox 334 377 354 424; x_wconf 90' lang='lat' dir='ltr'>is</span> <span class='ocrx_word' id='word_1_16' title='bbox 371 377 450 440; x_wconf 81' lang='lat' dir='ltr'>magis</span> <span class='ocrx_word' id='word_1_17' title='bbox 465 373 627 440; x_wconf 71' lang='lat' dir='ltr'>implacabilis</span> <span class='ocrx_word' id='word_1_18' title='bbox 644 383 709 420; x_wconf 85' lang='lat' dir='ltr'>erat:</span> <span class='ocrx_word' id='word_1_19' title='bbox 728 371 761 434; x_wconf 75' lang='lat' dir='ltr'>Sc,</span> <span class='ocrx_word' id='word_1_20' title='bbox 779 369 833 420; x_wconf 82' lang='lat' dir='ltr'>nihil</span> <span class='ocrx_word' id='word_1_21' title='bbox 843 379 914 434; x_wconf 68' lang='lat' dir='ltr'>npns1</span> 
     </span>
    </p>
   </div>
   <div class='ocr_carea' id='block_1_4' title="bbox 141 445 895 668">
    <p class='ocr_par' dir='ltr' id='par_1_4' title="bbox 141 445 895 668">
     <span class='ocr_line' id='line_1_4' title="bbox 142 445 894 520; baseline -0.008 -19"><span class='ocrx_word' id='word_1_22' title='bbox 142 452 183 520; x_wconf 82' lang='lat' dir='ltr'>effe</span> <span class='ocrx_word' id='word_1_23' title='bbox 199 453 384 514; x_wconf 73' lang='lat' dir='ltr'>reconciliatione,</span> <span class='ocrx_word' id='word_1_24' title='bbox 390 452 479 500; x_wconf 84' lang='lat' dir='ltr'>aiebat</span> <span class='ocrx_word' id='word_1_25' title='bbox 498 449 568 498; x_wconf 82' lang='lat' dir='ltr'>nerins</span> <span class='ocrx_word' id='word_1_26' title='bbox 581 450 607 499; x_wconf 73' lang='lat' dir='ltr'>ir</span> <span class='ocrx_word' id='word_1_27' title='bbox 625 449 726 498; x_wconf 77' lang='lat' dir='ltr'>intentius</span> <span class='ocrx_word' id='word_1_28' title='bbox 736 449 808 496; x_wconf 82' lang='lat' dir='ltr'>omnio</span> <span class='ocrx_word' id='word_1_29' title='bbox 819 445 894 512; x_wconf 83' lang='lat' dir='ltr'>gestu·</span> 
     </span>
     <span class='ocr_line' id='line_1_5' title="bbox 141 523 895 601; baseline -0.011 -23"><span class='ocrx_word' id='word_1_30' title='bbox 141 543 185 588; x_wconf 80' lang='lat' dir='ltr'>tus,</span> <span class='ocrx_word' id='word_1_31' title='bbox 203 529 303 578; x_wconf 84' lang='lat' dir='ltr'>timentes</span> <span class='ocrx_word' id='word_1_32' title='bbox 313 544 340 578; x_wconf 85' lang='lat' dir='ltr'>ne</span> <span class='ocrx_word' id='word_1_33' title='bbox 355 529 458 595; x_wconf 78' lang='lat' dir='ltr'>crescendi</span> <span class='ocrx_word' id='word_1_34' title='bbox 470 543 495 576; x_wconf 82' lang='lat' dir='ltr'>ex</span> <span class='ocrx_word' id='word_1_35' title='bbox 500 526 545 601; x_wconf 84' lang='lat' dir='ltr'>se&#39;</span> <span class='ocrx_word' id='word_1_36' title='bbox 537 526 622 574; x_wconf 76' lang='lat' dir='ltr'>inimico</span> <span class='ocrx_word' id='word_1_37' title='bbox 631 525 711 592; x_wconf 83' lang='lat' dir='ltr'>college</span> <span class='ocrx_word' id='word_1_38' title='bbox 720 523 812 590; x_wconf 82' lang='lat' dir='ltr'>poteslas</span> <span class='ocrx_word' id='word_1_39' title='bbox 818 525 895 588; x_wconf 78' lang='lat' dir='ltr'>ficret.</span> 
     </span>
     <span class='ocr_line' id='line_1_6' title="bbox 141 602 895 668; baseline -0.005 -14"><span class='ocrx_word' id='word_1_40' title='bbox 141 606 213 654; x_wconf 86' lang='lat' dir='ltr'>Vicit</span> <span class='ocrx_word' id='word_1_41' title='bbox 232 616 315 654; x_wconf 85' lang='lat' dir='ltr'>tamen</span> <span class='ocrx_word' id='word_1_42' title='bbox 330 605 465 655; x_wconf 77' lang='lat' dir='ltr'>ausiorieas</span> <span class='ocrx_word' id='word_1_43' title='bbox 484 604 588 667; x_wconf 79' lang='lat' dir='ltr'>senatus,</span> <span class='ocrx_word' id='word_1_44' title='bbox 610 614 646 665; x_wconf 65' lang='lat' dir='ltr'>ut,</span> <span class='ocrx_word' id='word_1_45' title='bbox 665 603 751 668; x_wconf 82' lang='lat' dir='ltr'>positis</span> <span class='ocrx_word' id='word_1_46' title='bbox 765 602 895 650; x_wconf 81' lang='lat' dir='ltr'>simultati·</span> 
     </span>
    </p>
   </div>
   <div class='ocr_carea' id='block_1_5' title="bbox 142 680 900 749">
    <p class='ocr_par' dir='ltr' id='par_1_5' title="bbox 142 680 900 749">
     <span class='ocr_line' id='line_1_7' title="bbox 142 680 900 749; baseline -0.005 -17"><span class='ocrx_word' id='word_1_47' title='bbox 142 681 198 743; x_wconf 92' lang='lat' dir='ltr'>bus,</span> <span class='ocrx_word' id='word_1_48' title='bbox 216 684 341 732; x_wconf 88' lang='lat' dir='ltr'>communi</span> <span class='ocrx_word' id='word_1_49' title='bbox 353 686 439 733; x_wconf 85' lang='lat' dir='ltr'>animo</span> <span class='ocrx_word' id='word_1_50' title='bbox 455 682 605 746; x_wconf 79' lang='lat' dir='ltr'>consilioque</span> <span class='ocrx_word' id='word_1_51' title='bbox 617 680 813 730; x_wconf 83' lang='lat' dir='ltr'>administrarent</span> <span class='ocrx_word' id='word_1_52' title='bbox 830 694 900 749; x_wconf 19' lang='lat' dir='ltr'>rem·-</span> 
     </span>
    </p>
   </div>
   <div class='ocr_carea' id='block_1_6' title="bbox 136 755 896 902">
    <p class='ocr_par' dir='ltr' id='par_1_6' title="bbox 136 755 896 902">
     <span class='ocr_line' id='line_1_8' title="bbox 136 755 896 826; baseline -0.005 -17.963"><span class='ocrx_word' id='word_1_53' title='bbox 136 759 279 826; x_wconf 78' lang='lat' dir='ltr'>&#39;publicam</span> <span class='ocrx_word' id='word_1_54' title='bbox 298 761 454 810; x_wconf 69' lang='lat' dir='ltr'>Provinciae&#39;</span> <span class='ocrx_word' id='word_1_55' title='bbox 448 761 478 824; x_wconf 70' lang='lat' dir='ltr'>ris</span> <span class='ocrx_word' id='word_1_56' title='bbox 489 774 540 808; x_wconf 92' lang='lat' dir='ltr'>non</span> <span class='ocrx_word' id='word_1_57' title='bbox 553 757 682 824; x_wconf 80' lang='lat' dir='ltr'>permixtae</span> <span class='ocrx_word' id='word_1_58' title='bbox 695 756 848 820; x_wconf 80' lang='lat' dir='ltr'>regionibus,</span> <span class='ocrx_word' id='word_1_59' title='bbox 866 755 896 805; x_wconf 76' lang='lat' dir='ltr'>sr-</span> 
     </span>
     <span class='ocr_line' id='line_1_9' title="bbox 140 829 894 902; baseline -0.005 -16"><span class='ocrx_word' id='word_1_60' title='bbox 140 845 184 886; x_wconf 86' lang='lat' dir='ltr'>cut</span> <span class='ocrx_word' id='word_1_61' title='bbox 196 835 364 902; x_wconf 85' lang='lat' dir='ltr'>superioribus</span> <span class='ocrx_word' id='word_1_62' title='bbox 376 837 454 900; x_wconf 86' lang='lat' dir='ltr'>annis,</span> <span class='ocrx_word' id='word_1_63' title='bbox 473 829 514 885; x_wconf 77' lang='lat' dir='ltr'>se&#39;d</span> <span class='ocrx_word' id='word_1_64' title='bbox 529 833 633 884; x_wconf 86' lang='lat' dir='ltr'>diversae</span> <span class='ocrx_word' id='word_1_65' title='bbox 644 834 763 882; x_wconf 80' lang='lat' dir='ltr'>extremis</span> <span class='ocrx_word' id='word_1_66' title='bbox 774 833 851 882; x_wconf 84' lang='lat' dir='ltr'>ltaliae</span> <span class='ocrx_word' id='word_1_67' title='bbox 863 831 894 882; x_wconf 83' lang='lat' dir='ltr'>fi-</span> 
     </span>
    </p>
   </div>
   <div class='ocr_carea' id='block_1_7' title="bbox 141 911 926 974">
    <p class='ocr_par' dir='ltr' id='par_1_7' title="bbox 141 911 926 974">
     <span class='ocr_line' id='line_1_10' title="bbox 141 911 926 974; baseline -0.003 -12"><span class='ocrx_word' id='word_1_68' title='bbox 141 912 224 972; x_wconf 79' lang='lat' dir='ltr'>nibus,</span> <span class='ocrx_word' id='word_1_69' title='bbox 236 913 306 962; x_wconf 83' lang='lat' dir='ltr'>alteri</span> <span class='ocrx_word' id='word_1_70' title='bbox 316 912 433 963; x_wconf 83' lang='lat' dir='ltr'>adversus</span> <span class='ocrx_word' id='word_1_71' title='bbox 442 913 606 964; x_wconf 84' lang='lat' dir='ltr'>Hannibalem</span> <span class='ocrx_word' id='word_1_72' title='bbox 620 911 718 974; x_wconf 86' lang='lat' dir='ltr'>Bruttii,</span> <span class='ocrx_word' id='word_1_73' title='bbox 732 911 839 970; x_wconf 64' lang='lat' dir='ltr'>Lucerni5</span> <span class='ocrx_word' id='word_1_74' title='bbox 859 911 896 960; x_wconf 87' lang='lat' dir='ltr'>al·</span> <span class='ocrx_word' id='word_1_75' title='bbox 925 959 926 966; x_wconf 67' lang='grc'>,</span> 
     </span>
    </p>
   </div>
   <div class='ocr_carea' id='block_1_8' title="bbox 953 124 986 187">
    <p class='ocr_par' dir='ltr' id='par_1_8' title="bbox 953 124 986 187">
     <span class='ocr_line' id='line_1_11' title="bbox 953 124 986 187; baseline 0 0"><span class='ocrx_word' id='word_1_76' title='bbox 953 124 986 187; x_wconf 46' lang='lat' dir='ltr'>ll*</span> 
     </span>
    </p>
   </div>
   <div class='ocr_carea' id='block_1_9' title="bbox 142 989 957 1066">
    <p class='ocr_par' dir='ltr' id='par_1_9' title="bbox 142 989 957 1066">
     <span class='ocr_line' id='line_1_12' title="bbox 142 989 957 1066; baseline -0.004 -26"><span class='ocrx_word' id='word_1_77' title='bbox 142 992 189 1040; x_wconf 87' lang='lat' dir='ltr'>teri</span> <span class='ocrx_word' id='word_1_78' title='bbox 202 993 283 1042; x_wconf 79' lang='lat' dir='ltr'>Gallia</span> <span class='ocrx_word' id='word_1_79' title='bbox 301 991 418 1042; x_wconf 86' lang='lat' dir='ltr'>adversus</span> <span class='ocrx_word' id='word_1_80' title='bbox 435 992 612 1042; x_wconf 75' lang='lat' dir='ltr'>Hasdrubalem</span> <span class='ocrx_word' id='word_1_81' title='bbox 631 995 713 1056; x_wconf 85' lang='lat' dir='ltr'>(quem</span> <span class='ocrx_word' id='word_1_82' title='bbox 723 989 774 1052; x_wconf 85' lang='lat' dir='ltr'>jam</span> <span class='ocrx_word' id='word_1_83' title='bbox 789 989 895 1055; x_wconf 80' lang='lat' dir='ltr'>Alpibus</span> <span class='ocrx_word' id='word_1_84' title='bbox 952 1055 957 1066; x_wconf 35' lang='grc'><strong><em>,</em></strong></span> 
     </span>
    </p>
   </div>
   <div class='ocr_carea' id='block_1_10' title="bbox 141 1064 896 1370">
    <p class='ocr_par' dir='ltr' id='par_1_10' title="bbox 141 1064 896 1370">
     <span class='ocr_line' id='line_1_13' title="bbox 141 1064 894 1160; baseline -0.003 -42"><span class='ocrx_word' id='word_1_85' title='bbox 141 1064 341 1160; x_wconf 78' lang='lat' dir='ltr'>appropinquare</span> <span class='ocrx_word' id='word_1_86' title='bbox 353 1071 420 1122; x_wconf 82' lang='lat' dir='ltr'>sama</span> <span class='ocrx_word' id='word_1_87' title='bbox 429 1074 491 1136; x_wconf 82' lang='lat' dir='ltr'>erat)</span> <span class='ocrx_word' id='word_1_88' title='bbox 508 1069 615 1120; x_wconf 81' lang='lat' dir='ltr'>decreta.</span> <span class='ocrx_word' id='word_1_89' title='bbox 651 1067 795 1118; x_wconf 82' lang='lat' dir='ltr'>Exercitum</span> <span class='ocrx_word' id='word_1_90' title='bbox 805 1081 837 1116; x_wconf 82' lang='lat' dir='ltr'>ex</span> <span class='ocrx_word' id='word_1_91' title='bbox 847 1066 894 1116; x_wconf 86' lang='lat' dir='ltr'>du·</span> 
     </span>
     <span class='ocr_line' id='line_1_14' title="bbox 142 1141 896 1214; baseline -0.001 -18"><span class='ocrx_word' id='word_1_92' title='bbox 142 1147 214 1206; x_wconf 87' lang='lat' dir='ltr'>obus,</span> <span class='ocrx_word' id='word_1_93' title='bbox 231 1149 316 1214; x_wconf 86' lang='lat' dir='ltr'>quiin</span> <span class='ocrx_word' id='word_1_94' title='bbox 330 1149 421 1212; x_wconf 84' lang='lat' dir='ltr'>Gallia,</span> <span class='ocrx_word' id='word_1_95' title='bbox 440 1149 532 1214; x_wconf 87' lang='lat' dir='ltr'>quique</span> <span class='ocrx_word' id='word_1_96' title='bbox 554 1145 689 1198; x_wconf 78' lang='lat' dir='ltr'>inEtruria</span> <span class='ocrx_word' id='word_1_97' title='bbox 709 1143 791 1206; x_wconf 90' lang='lat' dir='ltr'>essent,</span> <span class='ocrx_word' id='word_1_98' title='bbox 809 1141 896 1196; x_wconf 82' lang='lat' dir='ltr'>addito</span> 
     </span>
     <span class='ocr_line' id='line_1_15' title="bbox 142 1217 895 1292; baseline 0 -20"><span class='ocrx_word' id='word_1_99' title='bbox 142 1221 250 1286; x_wconf 84' lang='lat' dir='ltr'>urbano,</span> <span class='ocrx_word' id='word_1_100' title='bbox 266 1225 376 1292; x_wconf 76' lang='lat' dir='ltr'>eligeret,</span> <span class='ocrx_word' id='word_1_101' title='bbox 394 1240 468 1290; x_wconf 88' lang='lat' dir='ltr'>quem</span> <span class='ocrx_word' id='word_1_102' title='bbox 483 1223 577 1285; x_wconf 85' lang='lat' dir='ltr'>mallet,</span> <span class='ocrx_word' id='word_1_103' title='bbox 594 1223 643 1288; x_wconf 89' lang='lat' dir='ltr'>qui</span> <span class='ocrx_word' id='word_1_104' title='bbox 651 1219 757 1270; x_wconf 76' lang='lat' dir='ltr'>Galliam</span> <span class='ocrx_word' id='word_1_105' title='bbox 768 1220 826 1270; x_wconf 89' lang='lat' dir='ltr'>esset</span> <span class='ocrx_word' id='word_1_106' title='bbox 844 1217 895 1272; x_wconf 84' lang='lat' dir='ltr'>sot</span> 
     </span>
     <span class='ocr_line' id='line_1_16' title="bbox 141 1297 895 1370; baseline 0.003 -22"><span class='ocrx_word' id='word_1_107' title='bbox 141 1299 210 1350; x_wconf 81' lang='lat' dir='ltr'>titus.</span> <span class='ocrx_word' id='word_1_108' title='bbox 247 1302 295 1351; x_wconf 87' lang='lat' dir='ltr'>Cui</span> <span class='ocrx_word' id='word_1_109' title='bbox 304 1302 400 1355; x_wconf 89' lang='lat' dir='ltr'>Bruttii</span> <span class='ocrx_word' id='word_1_110' title='bbox 412 1302 544 1370; x_wconf 77' lang='lat' dir='ltr'>provincia</span> <span class='ocrx_word' id='word_1_111' title='bbox 556 1297 682 1362; x_wconf 80' lang='lat' dir='ltr'>evenisset,</span> <span class='ocrx_word' id='word_1_112' title='bbox 700 1299 775 1350; x_wconf 76' lang='lat' dir='ltr'>nouis</span> <span class='ocrx_word' id='word_1_113' title='bbox 787 1298 895 1363; x_wconf 77' lang='lat' dir='ltr'>legioni·</span> 
     </span>
    </p>
   </div>
   <div class='ocr_carea' id='block_1_11' title="bbox 140 1376 963 1448">
    <p class='ocr_par' dir='ltr' id='par_1_11' title="bbox 140 1376 963 1448">
     <span class='ocr_line' id='line_1_17' title="bbox 140 1376 963 1448; baseline -0.002 -18"><span class='ocrx_word' id='word_1_114' title='bbox 140 1376 186 1430; x_wconf 89' lang='lat' dir='ltr'>bus</span> <span class='ocrx_word' id='word_1_115' title='bbox 195 1379 409 1448; x_wconf 82' lang='lat' dir='ltr'>urbanisscriptis,</span> <span class='ocrx_word' id='word_1_116' title='bbox 426 1382 505 1434; x_wconf 82' lang='lat' dir='ltr'>utrius</span> <span class='ocrx_word' id='word_1_117' title='bbox 516 1380 601 1442; x_wconf 79' lang='lat' dir='ltr'>mallet</span> <span class='ocrx_word' id='word_1_118' title='bbox 613 1376 742 1430; x_wconf 86' lang='lat' dir='ltr'>consulum</span> <span class='ocrx_word' id='word_1_119' title='bbox 751 1379 839 1446; x_wconf 86' lang='lat' dir='ltr'>prioris</span> <span class='ocrx_word' id='word_1_120' title='bbox 849 1394 894 1428; x_wconf 82' lang='lat' dir='ltr'>an·</span> <span class='ocrx_word' id='word_1_121' title='bbox 961 1409 963 1416; x_wconf 83' lang='lat'><em>·</em></span> 
     </span>
    </p>
   </div>
   <div class='ocr_carea' id='block_1_12' title="bbox 139 1449 896 1604">
    <p class='ocr_par' dir='ltr' id='par_1_12' title="bbox 139 1449 896 1604">
     <span class='ocr_line' id='line_1_18' title="bbox 139 1449 896 1532; baseline 0 -24"><span class='ocrx_word' id='word_1_122' title='bbox 139 1456 175 1516; x_wconf 79' lang='lat' dir='ltr'>ni,</span> <span class='ocrx_word' id='word_1_123' title='bbox 193 1458 332 1511; x_wconf 86' lang='lat' dir='ltr'>exercitum</span> <span class='ocrx_word' id='word_1_124' title='bbox 344 1449 459 1532; x_wconf 75' lang='lat' dir='ltr'>sumeret.</span> <span class='ocrx_word' id='word_1_125' title='bbox 477 1458 600 1510; x_wconf 79' lang='lat' dir='ltr'>Reliilum</span> <span class='ocrx_word' id='word_1_126' title='bbox 615 1461 630 1507; x_wconf 73' lang='lat' dir='ltr'>t</span> <span class='ocrx_word' id='word_1_127' title='bbox 645 1454 746 1506; x_wconf 84' lang='lat' dir='ltr'>consule</span> <span class='ocrx_word' id='word_1_128' title='bbox 755 1457 896 1508; x_wconf 81' lang='lat' dir='ltr'>exercitum</span> 
     </span>
     <span class='ocr_line' id='line_1_19' title="bbox 140 1534 894 1604; baseline 0.004 -21"><span class='ocrx_word' id='word_1_129' title='bbox 140 1535 176 1597; x_wconf 80' lang='lat' dir='ltr'>Q.</span> <span class='ocrx_word' id='word_1_130' title='bbox 189 1535 292 1584; x_wconf 80' lang='lat' dir='ltr'>Fulvius</span> <span class='ocrx_word' id='word_1_131' title='bbox 311 1536 445 1601; x_wconf 87' lang='lat' dir='ltr'>proconsul</span> <span class='ocrx_word' id='word_1_132' title='bbox 460 1536 601 1604; x_wconf 58' lang='lat' dir='ltr'>acciperem</span> <span class='ocrx_word' id='word_1_133' title='bbox 618 1535 690 1600; x_wconf 90' lang='lat' dir='ltr'>eique</span> <span class='ocrx_word' id='word_1_134' title='bbox 702 1534 833 1586; x_wconf 71' lang='lat' dir='ltr'>insonum</span> <span class='ocrx_word' id='word_1_135' title='bbox 846 1535 894 1602; x_wconf 81' lang='lat' dir='ltr'>im5</span> 
     </span>
    </p>
   </div>
   <div class='ocr_carea' id='block_1_13' title="bbox 114 1607 930 1682">
    <p class='ocr_par' dir='ltr' id='par_1_13' title="bbox 114 1607 930 1682">
     <span class='ocr_line' id='line_1_20' title="bbox 114 1607 930 1682; baseline 0.007 -25"><span class='ocrx_word' id='word_1_136' title='bbox 114 1659 115 1666; x_wconf 56' lang='grc'>,</span> <span class='ocrx_word' id='word_1_137' title='bbox 140 1611 237 1676; x_wconf 87' lang='lat' dir='ltr'>perium</span> <span class='ocrx_word' id='word_1_138' title='bbox 249 1607 315 1661; x_wconf 87' lang='lat' dir='ltr'>esset.</span> <span class='ocrx_word' id='word_1_139' title='bbox 340 1613 365 1661; x_wconf 76' lang='lat' dir='ltr'>u</span> <span class='ocrx_word' id='word_1_140' title='bbox 381 1615 414 1662; x_wconf 83' lang='lat' dir='ltr'>C.</span> <span class='ocrx_word' id='word_1_141' title='bbox 428 1613 542 1676; x_wconf 81' lang='lat' dir='ltr'>Hostilio,</span> <span class='ocrx_word' id='word_1_142' title='bbox 561 1614 602 1663; x_wconf 86' lang='lat' dir='ltr'>eui</span> <span class='ocrx_word' id='word_1_143' title='bbox 622 1627 671 1678; x_wconf 79' lang='lat' dir='ltr'>pro</span> <span class='ocrx_word' id='word_1_144' title='bbox 684 1613 782 1660; x_wconf 81' lang='lat' dir='ltr'>Etruria</span> <span class='ocrx_word' id='word_1_145' title='bbox 794 1616 907 1682; x_wconf 51' lang='lat' dir='ltr'>&#39;luteo¹</span> <span class='ocrx_word' id='word_1_146' title='bbox 927 1615 930 1622; x_wconf 81' lang='grc'><em>’</em></span> 
     </span>
    </p>
   </div>
   <div class='ocr_carea' id='block_1_14' title="bbox 107 1691 895 2840">
    <p class='ocr_par' dir='ltr' id='par_1_14' title="bbox 139 1691 893 1908">
     <span class='ocr_line' id='line_1_21' title="bbox 139 1691 893 1756; baseline 0.005 -20"><span class='ocrx_word' id='word_1_147' title='bbox 139 1695 194 1736; x_wconf 90' lang='lat' dir='ltr'>tum</span> <span class='ocrx_word' id='word_1_148' title='bbox 214 1697 375 1738; x_wconf 79' lang='lat' dir='ltr'>mutaverant</span> <span class='ocrx_word' id='word_1_149' title='bbox 392 1691 558 1754; x_wconf 86' lang='lat' dir='ltr'>provinciam,</span> <span class='ocrx_word' id='word_1_150' title='bbox 578 1703 624 1754; x_wconf 86' lang='lat' dir='ltr'>pro</span> <span class='ocrx_word' id='word_1_151' title='bbox 643 1692 757 1738; x_wconf 86' lang='lat' dir='ltr'>Tarento</span> <span class='ocrx_word' id='word_1_152' title='bbox 778 1692 893 1756; x_wconf 86' lang='lat' dir='ltr'>Capuam</span> 
     </span>
     <span class='ocr_line' id='line_1_22' title="bbox 140 1763 893 1832; baseline 0.005 -18"><span class='ocrx_word' id='word_1_153' title='bbox 140 1773 312 1814; x_wconf 84' lang='lat' dir='ltr'>mutaverunt.</span> <span class='ocrx_word' id='word_1_154' title='bbox 329 1765 396 1830; x_wconf 82' lang='lat' dir='ltr'>legio</span> <span class='ocrx_word' id='word_1_155' title='bbox 407 1781 457 1816; x_wconf 85' lang='lat' dir='ltr'>una</span> <span class='ocrx_word' id='word_1_156' title='bbox 468 1764 535 1830; x_wconf 83' lang='lat' dir='ltr'>data,</span> <span class='ocrx_word' id='word_1_157' title='bbox 547 1766 588 1814; x_wconf 91' lang='lat' dir='ltr'>cui</span> <span class='ocrx_word' id='word_1_158' title='bbox 600 1763 704 1814; x_wconf 82' lang='lat' dir='ltr'>Fulvius</span> <span class='ocrx_word' id='word_1_159' title='bbox 715 1767 835 1832; x_wconf 80' lang='lat' dir='ltr'>proxuno</span> <span class='ocrx_word' id='word_1_160' title='bbox 847 1783 893 1818; x_wconf 85' lang='lat' dir='ltr'>au·</span> 
     </span>
     <span class='ocr_line' id='line_1_23' title="bbox 140 1840 587 1908; baseline 0.002 -16"><span class='ocrx_word' id='word_1_161' title='bbox 140 1854 176 1894; x_wconf 87' lang='lat' dir='ltr'>tto</span> <span class='ocrx_word' id='word_1_162' title='bbox 189 1840 331 1908; x_wconf 81' lang='lat' dir='ltr'>praesuerat.</span> <span class='ocrx_word' id='word_1_163' title='bbox 585 1855 587 1859; x_wconf 80' lang='grc'>’</span> 
     </span>
    </p>

    <p class='ocr_par' dir='ltr' id='par_1_15' title="bbox 107 1916 895 2610">
     <span class='ocr_line' id='line_1_24' title="bbox 174 1916 893 1985; baseline 0.006 -18"><span class='ocrx_word' id='word_1_164' title='bbox 174 1921 300 1968; x_wconf 73' lang='lat' dir='ltr'>xxxvl.</span> <span class='ocrx_word' id='word_1_165' title='bbox 320 1922 358 1969; x_wconf 84' lang='lat' dir='ltr'>De</span> <span class='ocrx_word' id='word_1_166' title='bbox 375 1916 536 1972; x_wconf 81' lang='lat' dir='ltr'>Hasdrubalis</span> <span class='ocrx_word' id='word_1_167' title='bbox 554 1917 666 1969; x_wconf 84' lang='lat' dir='ltr'>adventu</span> <span class='ocrx_word' id='word_1_168' title='bbox 682 1917 709 1970; x_wconf 84' lang='lat' dir='ltr'>in</span> <span class='ocrx_word' id='word_1_169' title='bbox 721 1919 820 1985; x_wconf 72' lang='lat' dir='ltr'>italiam</span> <span class='ocrx_word' id='word_1_170' title='bbox 832 1935 893 1972; x_wconf 77' lang='lat' dir='ltr'>eura</span> 
     </span>
     <span class='ocr_line' id='line_1_25' title="bbox 137 1993 895 2062; baseline 0.003 -17"><span class='ocrx_word' id='word_1_171' title='bbox 137 1993 232 2045; x_wconf 84' lang='lat' dir='ltr'>indies</span> <span class='ocrx_word' id='word_1_172' title='bbox 246 1994 379 2048; x_wconf 84' lang='lat' dir='ltr'>crescebat.</span> <span class='ocrx_word' id='word_1_173' title='bbox 415 1993 599 2045; x_wconf 76' lang='lat' dir='ltr'>Massiliensium</span> <span class='ocrx_word' id='word_1_174' title='bbox 610 1995 719 2062; x_wconf 81' lang='lat' dir='ltr'>primum</span> <span class='ocrx_word' id='word_1_175' title='bbox 736 1997 811 2060; x_wconf 72' lang='lat' dir='ltr'>legati</span> <span class='ocrx_word' id='word_1_176' title='bbox 828 2012 895 2047; x_wconf 87' lang='lat' dir='ltr'>nun·</span> 
     </span>
     <span class='ocr_line' id='line_1_26' title="bbox 139 2070 893 2140; baseline 0.005 -18"><span class='ocrx_word' id='word_1_177' title='bbox 139 2071 276 2137; x_wconf 67' lang='lat' dir='ltr'>mavemnt,</span> <span class='ocrx_word' id='word_1_178' title='bbox 294 2088 351 2124; x_wconf 82' lang='lat' dir='ltr'>euro</span> <span class='ocrx_word' id='word_1_179' title='bbox 368 2074 394 2124; x_wconf 87' lang='lat' dir='ltr'>iu</span> <span class='ocrx_word' id='word_1_180' title='bbox 414 2073 523 2122; x_wconf 85' lang='lat' dir='ltr'>Galliam</span> <span class='ocrx_word' id='word_1_181' title='bbox 539 2070 731 2136; x_wconf 71' lang='lat' dir='ltr'>transgressum:</span> <span class='ocrx_word' id='word_1_182' title='bbox 749 2072 893 2140; x_wconf 75' lang='lat' dir='ltr'>eresiosque</span> 
     </span>
     <span class='ocr_line' id='line_1_27' title="bbox 137 2149 894 2218; baseline 0.005 -18"><span class='ocrx_word' id='word_1_183' title='bbox 137 2149 251 2202; x_wconf 73' lang='lat' dir='ltr'>edvemu</span> <span class='ocrx_word' id='word_1_184' title='bbox 268 2152 329 2218; x_wconf 84' lang='lat' dir='ltr'>ejus,</span> <span class='ocrx_word' id='word_1_185' title='bbox 346 2151 405 2218; x_wconf 86' lang='lat' dir='ltr'>quia</span> <span class='ocrx_word' id='word_1_186' title='bbox 422 2166 541 2216; x_wconf 79' lang='lat' dir='ltr'>magnum</span> <span class='ocrx_word' id='word_1_187' title='bbox 552 2149 650 2218; x_wconf 86' lang='lat' dir='ltr'>pondus</span> <span class='ocrx_word' id='word_1_188' title='bbox 662 2151 717 2201; x_wconf 83' lang='lat' dir='ltr'>auri</span> <span class='ocrx_word' id='word_1_189' title='bbox 734 2150 840 2202; x_wconf 85' lang='lat' dir='ltr'>attuliss&#39;e</span> <span class='ocrx_word' id='word_1_190' title='bbox 855 2151 894 2204; x_wconf 85' lang='lat' dir='ltr'>di·</span> 
     </span>
     <span class='ocr_line' id='line_1_28' title="bbox 138 2227 894 2292; baseline 0 -12"><span class='ocrx_word' id='word_1_191' title='bbox 138 2240 236 2288; x_wconf 86' lang='lat' dir='ltr'>ceretur</span> <span class='ocrx_word' id='word_1_192' title='bbox 252 2231 283 2281; x_wconf 84' lang='lat' dir='ltr'>ad</span> <span class='ocrx_word' id='word_1_193' title='bbox 296 2230 415 2282; x_wconf 82' lang='lat' dir='ltr'>mercede</span> <span class='ocrx_word' id='word_1_194' title='bbox 421 2229 517 2280; x_wconf 84' lang='lat' dir='ltr'>auxilia</span> <span class='ocrx_word' id='word_1_195' title='bbox 532 2227 701 2292; x_wconf 82' lang='lat' dir='ltr'>conducenda,</span> <span class='ocrx_word' id='word_1_196' title='bbox 717 2229 850 2282; x_wconf 85' lang='lat' dir='ltr'>Gallorum</span> <span class='ocrx_word' id='word_1_197' title='bbox 865 2246 894 2280; x_wconf 72' lang='lat' dir='ltr'>a·</span> 
     </span>
     <span class='ocr_line' id='line_1_29' title="bbox 136 2308 893 2375; baseline 0 -15"><span class='ocrx_word' id='word_1_198' title='bbox 136 2309 228 2372; x_wconf 75' lang='lat' dir='ltr'>nimpe.</span> <span class='ocrx_word' id='word_1_199' title='bbox 246 2310 309 2375; x_wconf 72' lang='lat' dir='ltr'>misi</span> <span class='ocrx_word' id='word_1_200' title='bbox 317 2310 405 2362; x_wconf 84' lang='lat' dir='ltr'>deinde</span> <span class='ocrx_word' id='word_1_201' title='bbox 418 2324 475 2360; x_wconf 90' lang='lat' dir='ltr'>cum</span> <span class='ocrx_word' id='word_1_202' title='bbox 486 2309 517 2358; x_wconf 81' lang='lat' dir='ltr'>iis</span> <span class='ocrx_word' id='word_1_203' title='bbox 527 2308 603 2374; x_wconf 80' lang='lat' dir='ltr'>legati</span> <span class='ocrx_word' id='word_1_204' title='bbox 614 2309 646 2357; x_wconf 88' lang='lat' dir='ltr'>ab</span> <span class='ocrx_word' id='word_1_205' title='bbox 658 2310 739 2358; x_wconf 79' lang='lat' dir='ltr'>Roma</span> <span class='ocrx_word' id='word_1_206' title='bbox 750 2314 806 2358; x_wconf 84' lang='lat' dir='ltr'>Sex.</span> <span class='ocrx_word' id='word_1_207' title='bbox 818 2309 893 2360; x_wconf 81' lang='lat' dir='ltr'>Anti·</span> 
     </span>
     <span class='ocr_line' id='line_1_30' title="bbox 138 2383 894 2474; baseline 0 -38"><span class='ocrx_word' id='word_1_208' title='bbox 138 2385 196 2436; x_wconf 81' lang='lat' dir='ltr'>iiius</span> <span class='ocrx_word' id='word_1_209' title='bbox 216 2387 242 2436; x_wconf 73' lang='grc' dir='ltr'>δι</span> <span class='ocrx_word' id='word_1_210' title='bbox 262 2389 301 2436; x_wconf 90' lang='grc' dir='ltr'>Μ.</span> <span class='ocrx_word' id='word_1_211' title='bbox 322 2388 415 2438; x_wconf 81' lang='lat' dir='ltr'>Raetius</span> <span class='ocrx_word' id='word_1_212' title='bbox 432 2385 463 2436; x_wconf 82' lang='lat' dir='ltr'>ad</span> <span class='ocrx_word' id='word_1_213' title='bbox 482 2401 535 2436; x_wconf 87' lang='lat' dir='ltr'>rem</span> <span class='ocrx_word' id='word_1_214' title='bbox 555 2383 733 2474; x_wconf 77' lang='lat' dir='ltr'>inspiciendam</span> <span class='ocrx_word' id='word_1_215' title='bbox 749 2386 894 2450; x_wconf 78' lang='lat' dir='ltr'>retulerant,</span> 
     </span>
     <span class='ocr_line' id='line_1_31' title="bbox 138 2461 894 2532; baseline 0.003 -20"><span class='ocrx_word' id='word_1_216' title='bbox 138 2462 224 2512; x_wconf 77' lang='lat' dir='ltr'>militie</span> <span class='ocrx_word' id='word_1_217' title='bbox 236 2463 260 2512; x_wconf 89' lang='lat' dir='ltr'>se</span> <span class='ocrx_word' id='word_1_218' title='bbox 274 2481 333 2514; x_wconf 85' lang='lat' dir='ltr'>eum</span> <span class='ocrx_word' id='word_1_219' title='bbox 342 2463 529 2520; x_wconf 74' lang='lat' dir='ltr'>Massiliensibus</span> <span class='ocrx_word' id='word_1_220' title='bbox 539 2461 656 2527; x_wconf 80' lang='lat' dir='ltr'>ducibus,</span> <span class='ocrx_word' id='word_1_221' title='bbox 672 2462 714 2528; x_wconf 86' lang='lat' dir='ltr'>qui</span> <span class='ocrx_word' id='word_1_222' title='bbox 726 2479 770 2530; x_wconf 90' lang='lat' dir='ltr'>pet</span> <span class='ocrx_word' id='word_1_223' title='bbox 781 2463 894 2532; x_wconf 73' lang='lat' dir='ltr'>hospites</span> 
     </span>
     <span class='ocr_line' id='line_1_32' title="bbox 107 2541 893 2610; baseline 0.005 -22"><span class='ocrx_word' id='word_1_224' title='bbox 107 2601 111 2610; x_wconf 31' lang='grc' dir='ltr'>ι</span> <span class='ocrx_word' id='word_1_225' title='bbox 139 2554 235 2601; x_wconf 90' lang='lat' dir='ltr'>eorum,</span> <span class='ocrx_word' id='word_1_226' title='bbox 254 2541 376 2608; x_wconf 81' lang='lat' dir='ltr'>principes</span> <span class='ocrx_word' id='word_1_227' title='bbox 396 2543 535 2607; x_wconf 84' lang='lat' dir='ltr'>Gallorum,</span> <span class='ocrx_word' id='word_1_228' title='bbox 557 2543 644 2592; x_wconf 89' lang='lat' dir='ltr'>omnia</span> <span class='ocrx_word' id='word_1_229' title='bbox 663 2541 794 2608; x_wconf 81' lang='lat' dir='ltr'>explorata</span> <span class='ocrx_word' id='word_1_230' title='bbox 813 2542 893 2592; x_wconf 87' lang='lat' dir='ltr'>reser-</span> 
     </span>
    </p>

    <p class='ocr_par' dir='ltr' id='par_1_16' title="bbox 118 2607 893 2840">
     <span class='ocr_line' id='line_1_33' title="bbox 138 2607 893 2690; baseline 0.004 -22"><span class='ocrx_word' id='word_1_231' title='bbox 138 2627 203 2668; x_wconf 85' lang='lat' dir='ltr'>tent.</span> <span class='ocrx_word' id='word_1_232' title='bbox 224 2619 272 2668; x_wconf 79' lang='lat' dir='ltr'>Pro</span> <span class='ocrx_word' id='word_1_233' title='bbox 284 2629 413 2686; x_wconf 82' lang='lat' dir='ltr'>comperto</span> <span class='ocrx_word' id='word_1_234' title='bbox 425 2620 525 2684; x_wconf 86' lang='lat' dir='ltr'>habere,</span> <span class='ocrx_word' id='word_1_235' title='bbox 542 2607 740 2670; x_wconf 85' lang='lat' dir='ltr'>Hasdrubalem&#39;</span> <span class='ocrx_word' id='word_1_236' title='bbox 734 2619 833 2685; x_wconf 80' lang='lat' dir='ltr'>ingenti</span> <span class='ocrx_word' id='word_1_237' title='bbox 838 2619 893 2690; x_wconf 73' lang='lat' dir='ltr'>jam</span> 
     </span>
     <span class='ocr_line' id='line_1_34' title="bbox 118 2694 890 2764; baseline 0.005 -20"><span class='ocrx_word' id='word_1_238' title='bbox 118 2747 120 2752; x_wconf 73' lang='grc'>,</span> <span class='ocrx_word' id='word_1_239' title='bbox 136 2694 226 2749; x_wconf 72' lang='lat' dir='ltr'>,cottio</span> <span class='ocrx_word' id='word_1_240' title='bbox 237 2698 349 2746; x_wconf 83' lang='lat' dir='ltr'>exercitu</span> <span class='ocrx_word' id='word_1_241' title='bbox 361 2697 482 2763; x_wconf 87' lang='lat' dir='ltr'>proximo</span> <span class='ocrx_word' id='word_1_242' title='bbox 490 2712 549 2747; x_wconf 82' lang='lat' dir='ltr'>vere</span> <span class='ocrx_word' id='word_1_243' title='bbox 562 2699 642 2764; x_wconf 84' lang='lat' dir='ltr'>Alpes</span> <span class='ocrx_word' id='word_1_244' title='bbox 652 2696 824 2762; x_wconf 77' lang='lat' dir='ltr'>trajetturnm.</span> <span class='ocrx_word' id='word_1_245' title='bbox 842 2713 890 2748; x_wconf 82' lang='lat' dir='ltr'>nec</span> 
     </span>
     <span class='ocr_line' id='line_1_35' title="bbox 139 2773 891 2840; baseline 0.003 -18"><span class='ocrx_word' id='word_1_246' title='bbox 139 2783 194 2824; x_wconf 87' lang='lat' dir='ltr'>tum</span> <span class='ocrx_word' id='word_1_247' title='bbox 205 2789 262 2822; x_wconf 83' lang='lat' dir='ltr'>eum</span> <span class='ocrx_word' id='word_1_248' title='bbox 275 2775 407 2840; x_wconf 86' lang='lat' dir='ltr'>quicquam</span> <span class='ocrx_word' id='word_1_249' title='bbox 419 2774 485 2824; x_wconf 86' lang='lat' dir='ltr'>aliud</span> <span class='ocrx_word' id='word_1_250' title='bbox 497 2776 597 2840; x_wconf 79' lang='lat' dir='ltr'>morari,</span> <span class='ocrx_word' id='word_1_251' title='bbox 614 2775 658 2825; x_wconf 82' lang='lat' dir='ltr'>nisi</span> <span class='ocrx_word' id='word_1_252' title='bbox 670 2775 737 2840; x_wconf 76' lang='lat' dir='ltr'>quod</span> <span class='ocrx_word' id='word_1_253' title='bbox 753 2773 839 2825; x_wconf 78' lang='lat' dir='ltr'>clausae</span> <span class='ocrx_word' id='word_1_254' title='bbox 850 2775 891 2824; x_wconf 87' lang='lat' dir='ltr'>hi·</span> 
     </span>
    </p>
   </div>
   <div class='ocr_carea' id='block_1_15' title="bbox 139 2851 898 2917">
    <p class='ocr_par' dir='ltr' id='par_1_17' title="bbox 139 2851 898 2917">
     <span class='ocr_line' id='line_1_36' title="bbox 139 2851 898 2917; baseline 0.005 -19"><span class='ocrx_word' id='word_1_255' title='bbox 139 2865 195 2900; x_wconf 88' lang='lat' dir='ltr'>eme</span> <span class='ocrx_word' id='word_1_256' title='bbox 209 2851 284 2917; x_wconf 83' lang='lat' dir='ltr'>Alpes</span> <span class='ocrx_word' id='word_1_257' title='bbox 295 2851 379 2902; x_wconf 87' lang='lat' dir='ltr'>essent.</span> <span class='ocrx_word' id='word_1_258' title='bbox 396 2855 426 2901; x_wconf 90' lang='lat' dir='ltr'>In</span> <span class='ocrx_word' id='word_1_259' title='bbox 438 2853 522 2902; x_wconf 85' lang='lat' dir='ltr'>locum</span> <span class='ocrx_word' id='word_1_260' title='bbox 534 2855 573 2902; x_wconf 92' lang='lat' dir='ltr'>M.</span> <span class='ocrx_word' id='word_1_261' title='bbox 584 2853 697 2904; x_wconf 86' lang='lat' dir='ltr'>Marcelli</span> <span class='ocrx_word' id='word_1_262' title='bbox 709 2855 736 2902; x_wconf 85' lang='lat' dir='ltr'>P.</span> <span class='ocrx_word' id='word_1_263' title='bbox 749 2853 827 2902; x_wconf 82' lang='lat' dir='ltr'>AElius</span> <span class='ocrx_word' id='word_1_264' title='bbox 837 2853 898 2916; x_wconf 58' lang='lat' dir='ltr'>Pus*</span> 
     </span>
    </p>
   </div>
   <div class='ocr_carea' id='block_1_16' title="bbox 140 2930 891 2998">
    <p class='ocr_par' dir='ltr' id='par_1_18' title="bbox 140 2930 891 2998">
     <span class='ocr_line' id='line_1_37' title="bbox 140 2930 891 2998; baseline 0.004 -19"><span class='ocrx_word' id='word_1_265' title='bbox 140 2937 180 2979; x_wconf 86' lang='lat' dir='ltr'>tus</span> <span class='ocrx_word' id='word_1_266' title='bbox 197 2941 276 2994; x_wconf 71' lang='lat' dir='ltr'>augur</span> <span class='ocrx_word' id='word_1_267' title='bbox 295 2941 390 2980; x_wconf 78' lang='lat' dir='ltr'>creatus</span> <span class='ocrx_word' id='word_1_268' title='bbox 406 2930 631 2998; x_wconf 82' lang='lat' dir='ltr'>inauguratusque:</span> <span class='ocrx_word' id='word_1_269' title='bbox 649 2933 674 2982; x_wconf 87' lang='lat'>&amp;</span> <span class='ocrx_word' id='word_1_270' title='bbox 693 2935 741 2982; x_wconf 88' lang='lat' dir='ltr'>Cn.</span> <span class='ocrx_word' id='word_1_271' title='bbox 761 2931 891 2982; x_wconf 85' lang='lat' dir='ltr'>Cornelius</span> 
     </span>
    </p>
   </div>
   <div class='ocr_carea' id='block_1_17' title="bbox 113 3005 890 3147">
    <p class='ocr_par' dir='ltr' id='par_1_19' title="bbox 113 3005 890 3147">
     <span class='ocr_line' id='line_1_38' title="bbox 113 3005 889 3136; baseline 0.003 -78"><span class='ocrx_word' id='word_1_272' title='bbox 113 3057 118 3068; x_wconf 85' lang='grc'>,</span> <span class='ocrx_word' id='word_1_273' title='bbox 136 3005 270 3058; x_wconf 77' lang='lat' dir='ltr'>Dolabella</span> <span class='ocrx_word' id='word_1_274' title='bbox 286 3021 332 3060; x_wconf 85' lang='lat' dir='ltr'>tex</span> <span class='ocrx_word' id='word_1_275' title='bbox 348 3006 474 3062; x_wconf 86' lang='lat' dir='ltr'>sacrorum</span> <span class='ocrx_word' id='word_1_276' title='bbox 488 3009 651 3076; x_wconf 78' lang='lat' dir='ltr'>inauguratus</span> <span class='ocrx_word' id='word_1_277' title='bbox 660 3009 694 3063; x_wconf 82' lang='lat' dir='ltr'>esi</span> <span class='ocrx_word' id='word_1_278' title='bbox 710 3009 737 3064; x_wconf 86' lang='lat' dir='ltr'>in</span> <span class='ocrx_word' id='word_1_279' title='bbox 751 3009 889 3136; x_wconf 52' lang='lat' dir='ltr'>locunptM.</span> 
     </span>
     <span class='ocr_line' id='line_1_39' title="bbox 475 3089 890 3147; baseline -0.002 -10"><span class='ocrx_word' id='word_1_280' title='bbox 475 3089 493 3137; x_wconf 90' lang='lat' dir='ltr'>Z</span> <span class='ocrx_word' id='word_1_281' title='bbox 512 3101 525 3147; x_wconf 79' lang='lat'>3</span> <span class='ocrx_word' id='word_1_282' title='bbox 847 3099 890 3136; x_wconf 83' lang='lat' dir='ltr'>ar·</span> 
     </span>
    </p>
   </div>
   <div class='ocr_carea' id='block_1_18' title="bbox 0 0 1034 3642">
    <p class='ocr_par' dir='ltr' id='par_1_20' title="bbox 0 0 1034 3642">
     <span class='ocr_line' id='line_1_40' title="bbox 0 0 1034 3642; baseline 0 1"><span class='ocrx_word' id='word_1_283' title='bbox 0 0 1034 3642; x_wconf 95' lang='lat' dir='ltr'> </span> 
     </span>
    </p>
   </div>
  </div>
 </body>
</html>
