2062 3640
204 169 255 228 306
461 166 497 216 Τ.
532 165 587 218 ΕΙ
600 167 630 218 'V
646 167 689 218 11
710 175 714 183 “

201 256 240 306 dia
250 253 366 306 intestina
382 253 407 305 dc
425 255 531 307 hostium
546 257 686 308 infidiamnr
697 258 806 324 ignarus.
843 259 957 327 Pedestr-

202 331 313 398 pralium
327 331 373 382 suit
385 331 511 399 persegne,
529 335 613 399 paucis
631 337 657 385 in
675 338 754 400 prima
771 339 828 388 acic
840 355 954 406 pugnan-

200 410 268 459 tibus
279 412 414 471 Romanir3
433 413 554 462 Thurinis
565 411 761 479 exspectantibus
771 417 862 480 magis,
880 423 954 482 quim

200 485 385 550 adjuvantibus,
400 498 535 538 eventurn:
554 489 579 538 ἃ
592 490 835 558 Karthaginiensium
847 495 915 544 acies
926 493 953 544 de

198 563 317 618 industria
329 565 415 631 pedem
426 565 556 628 rescrebat,
573 575 602 614 ut
612 566 644 616 ad
659 578 727 632 terga
740 568 812 618 collis
829 570 863 618 ab
885 571 952 638 equi-

199 653 225 694 te
236 639 280 692 suo
291 643 370 693 inselli
387 643 480 692 holtem
492 644 618 696 incautum
630 646 792 712 pertraheret.
831 651 894 712 Qud
905 646 951 702 ubi

198 731 305 768 ventum
316 721 358 781 esl,
376 720 457 770 coorti
475 733 531 768 cum
549 720 657 770 clamore
675 722 777 786 equites,
792 737 905 790 propere
914 723 951 774 it·

199 796 328 847 eonditam
339 797 513 848 Thurinorum
530 795 638 860 turbam,
654 811 700 846 noc
717 796 844 848 satia-fido
858 801 952 864 animo,

198 874 266 926 unde
284 875 417 942 pugnabat,
437 875 546 936 stantem,
563 874 689 940 extemplo
706 875 732 924 in
746 875 835 940 sugam
851 887 950 926 averte·

171 995 176 1006 .
199 964 267 1004 tunt.
294 955 411 1015 Romani,
431 967 571 1020 quanquam
588 952 772 1002 circumventor
790 954 851 1004 hinc
868 954 950 1022 pedes,

199 1033 258 1084 hinc
269 1047 342 1098 equec
359 1032 468 1096 urgebat,
485 1040 569 1080 tamen
585 1029 727 1094 aliquandiu
743 1044 854 1096 pcngnam
866 1043 949 1082 traxe-

199 1127 237 1164 re.
255 1110 378 1177 pollrcmd
389 1110 414 1158 ἀ
427 1107 469 1174 ipsi
485 1117 553 1171 terga
562 1117 673 1169 vertunt,
689 1107 802 1172 nequead
812 1109 900 1158 urbem
911 1108 949 1160 su-

199 1191 281 1252 giunt.
318 1187 356 1236 Ibi
375 1185 514 1252 proditores
530 1185 682 1249 conglobati,
700 1200 778 1250 quum
789 1189 948 1254 popularium

199 1279 289 1334 agmen
297 1263 438 1332 patentibus
447 1263 526 1329 portia
543 1261 696 1330 accepissent,
718 1262 761 1311 ubi
770 1265 899 1314 Romanos
910 1264 947 1324 su·

198 1341 239 1392 sos
256 1341 287 1389 ad
302 1342 387 1389 urbem
405 1339 464 1388 serti
481 1339 607 1403 viderunt,
624 1337 788 1402 conclamant,
798 1341 888 1404 vinnm
898 1345 947 1392 1³oe-

198 1433 258 1478 uum,
269 1416 424 1481 permixtosque
435 1416 462 1465 d
474 1414 539 1478 hqdes
549 1415 623 1465 talem
635 1417 752 1482 invasura,
764 1417 787 1466 ni
796 1427 947 1484 propetepor·

199 1505 233 1545 tar
244 1491 350 1542 claudant.
386 1496 424 1542 lta
433 1491 547 1543 exclusos
559 1497 685 1545 Romanoa
700 1493 826 1560 praebuere
840 1495 904 1546 hosii
918 1495 947 1545 ad

199 1570 301 1621 cedern.
338 1569 436 1620 Atinius
449 1580 531 1620 tamen
538 1587 598 1621 cum
607 1573 691 1638 paucio
698 1584 819 1640 receptus.
855 1573 947 1624 Seditio

198 1647 255 1700 inde
264 1647 385 1716 paulisper
397 1651 490 1710 tenult;
508 1664 584 1716 quum
595 1650 637 1700 alii
649 1651 736 1700 urbem
746 1651 875 1710 tuendam,
890 1651 947 1704 inde

199 1727 243 1780 alii
254 1727 390 1778 cedendum
406 1725 520 1790 fortuna,
538 1726 564 1775 dc
582 1726 726 1776 tradendam
741 1727 829 1778 urbem
846 1723 947 1779 vitton-

198 1808 245 1858 bns
256 1805 390 1856 censerent.
408 1811 527 1866 ceterum,
540 1814 568 1854 ut
577 1805 728 1874 plerumque,
741 1805 877 1856 fortuna&
886 1823 947 1856 con·

199 1883 251 1934 filia
262 1884 326 1933 mala
338 1885 465 1934 vicerunt:
485 1881 572 1930 Atinio
582 1896 638 1930 cum
647 1879 696 1930 suis
711 1881 741 1930 ad
751 1883 818 1932 maie
830 1899 859 1932 ac
870 1897 948 1933 naver

124 1995 129 2002 -
200 1963 315 2026 deducto,
332 1965 409 2028 magis
421 1963 479 2028 quia
495 1960 547 2028 ipsi,
561 1959 597 2009 ob
609 1960 783 2026 imperiumin
800 1959 824 2010 se
841 1963 901 2010 mite
917 1977 947 2011 ac

197 2042 299 2107 justum,
317 2041 456 2091 consultum
469 2038 595 2100 volebant,
612 2043 687 2102 qudem
699 2035 808 2104 respedln
823 2042 948 2088 Romano·

199 2134 266 2179 rum,
284 2115 497 2180 Karthaginienses
515 2116 540 2164 in
557 2115 645 2164 urbem
659 2115 793 2181 accipiunt.
828 2114 948 2164 Consules

200 2199 217 2244 a
235 2197 378 2242 Benevento
395 2195 421 2244 in
440 2198 593 2260 Campanum
615 2207 701 2256 agrum
718 2192 827 2256 legiones
844 2191 947 2256 ducunt,

199 2286 252 2322 noo
261 2269 292 2320 ad
303 2269 425 2336 frumenta
434 2271 518 2334 modo,
531 2286 583 2336 quae
592 2269 644 2334 jam
654 2271 680 2319 in
689 2269 793 2319 hibernis
802 2282 881 2330 erant,
895 2288 948 2321 cor·

198 2347 345 2416 rumpenda,
362 2347 403 2397 sed
415 2336 446 2396 a'd
457 2351 566 2414 Capuam
578 2347 782 2415 oppugnandam
800 2347 946 2399 nobilem‘sc

199 2427 355 2476 consulatum
371 2434 422 2472 tam
437 2425 559 2488 opulenta
571 2427 639 2476 urbis
651 2425 752 2476 excidio
766 2423 813 2473 rati
828 2423 945 2488 facturos,

199 2503 270 2552 simul
279 2503 303 2550 ἃ
313 2502 397 2562 ingens
407 2500 526 2562 flagitium
538 2501 642 2568 imperio
652 2503 803 2568 dempturoc,
815 2502 883 2566 quod
891 2503 945 2552 urbi

123 2615 128 2620 .
200 2593 252 2630 tam
262 2577 404 2644 propinquae
419 2575 519 2646 tertium
529 2593 620 2628 annum
633 2580 754 2645 impunita
765 2577 870 2628 desediio
879 2579 944 2638 esset.

201 2659 325 2716 Ceterum,
343 2669 374 2702 ne
390 2655 558 2704 Beneventum
570 2656 619 2706 sine
633 2656 742 2724 prasidio
758 2657 822 2718 esset,
839 2657 865 2706 dc
876 2667 905 2706 ut
914 2657 945 2707 ad

201 2735 281 2788 subita
292 2731 357 2792 belli,
374 2731 523 2780 fillaunibal
540 2733 618 2798 (quod
633 2733 754 2782 sasituum
765 2733 837 2790 ¹haud
849 2733 944 2782 dubita·

200 2813 270 2877 bant)
287 2809 317 2858 ad
325 2824 399 2876 opem
410 2807 533 2859 serendam
546 2809 617 2860 sociis
631 2815 741 2876 Capuam
751 2809 863 2870 venisset,
880 2810 946 2875 equi·

201 2903 238 2942 tcs
253 2891 306 2940 rim
324 2887 436 2938 sustinere
455 2887 558 2955 possent,
576 2891 620 2938 Ti.
639 2889 780 2938 Gracchum
796 2903 830 2936 ex
838 2887 947 2937 Lucanis

200 2985 260 3028 cum
269 2967 381 3037 equitatu
391 2981 423 3018 ac
438 2967 488 3018 levi
502 2977 625 3019 armanua
634 2969 803 3021 Beneventum
813 2964 952 3092 venibrpjm

896 3051 941 3092 nt:
