2140 3640
359 209 382 260 1.
400 211 413 260 l
430 211 448 257 B
466 209 487 258 Ε
505 211 526 258 R
561 211 648 260 Xxll.
822 223 872 268 205

126 311 158 348 ac
171 297 327 362 Campanum
336 312 409 360 agros
419 295 526 344 dividit:
545 293 595 362 ipse
604 296 670 360 jugis
682 293 770 354 iisdem
779 297 874 348 exerci-

128 385 184 422 tum
202 374 304 436 reducit,
321 372 391 422 millo
408 372 563 438 explorattun
580 389 636 422 cum
650 373 830 440 quadringentis
848 389 874 424 e·

128 451 239 516 quiribus
250 451 374 500 sociorum
391 453 421 500 L.
432 451 536 500 Hollilio
546 451 679 500 Mancino:
698 453 739 517 qui
755 467 787 502 ex
802 451 876 502 turba

27 588 32 598 .
125 526 250 590 juvenum
260 529 412 580 audientium
427 525 488 593 saepe
498 527 612 576 ferociter
623 527 810 578 concionantem
822 546 877 580 rna·

129 603 230 670 gissrum
240 608 359 670 equitum,
378 602 513 670 progrellus
524 605 605 669 primo
619 603 781 670 exploratoris
790 606 878 672 morlo,

130 692 159 730 ut
176 697 209 732 ert
226 695 281 734 tuto
293 684 460 750 specularetur·
471 681 573 744 hossern,
589 681 632 730 ubi
650 697 727 746 vagos
736 685 818 752 pallrm
832 699 876 750 per

130 759 202 808 vicos
214 763 338 811 Numidas
346 763 418 822 vidit,
436 776 479 826 per
488 759 639 810 occasionem
649 759 722 808 eriam
733 776 822 825 paucos
832 777 876 812 oc-

131 836 207 886 cidit:
227 839 354 902 externplo
365 849 499 904 occupatus
511 839 645 886 certamine
661 835 693 884 cll
711 839 813 902 animus,
830 854 876 890 cx·

129 915 289 981 cideruntque
309 928 429 984 praecepta
449 915 587 973 distatoris3
612 915 662 979 qui,
680 927 798 979 quantum
820 907 896 966 tutu¹

131 989 217 1058 pollet,
237 993 384 1058 progressum
402 996 469 1060 priris
487 994 594 1060 recipere
612 989 660 1040 sese
675 991 783 1054 jusserat,
800 1000 884 1058 quam·

130 1069 157 1118 in
175 1069 330 1138 conspetlum
349 1072 453 1120 hostium
467 1072 572 1120 veniret.
608 1067 729 1128 Numidae,
747 1069 789 1117 alii
801 1082 876 1134 atque

130 1148 175 1196 alii
186 1149 339 1200 occursantes
354 1149 554 1212 refugientesque,
572 1146 601 1196 ad
617 1147 692 1194 castra
704 1150 779 1214 prope
796 1145 879 1214 ipsum

132 1241 190 1277 tum
206 1225 353 1290 fatigatione
361 1243 486 1294 equorum
500 1238 572 1290 atquc
583 1225 713 1274 hominum
725 1236 879 1290 pertraxere.

131 1303 190 1353 inde
201 1306 324 1367 Carthalo,
343 1319 417 1371 penes
428 1319 498 1368 quem
514 1303 607 1352 summa
617 1301 731 1366 equestris
742 1302 840 1368 imperii
850 1319 877 1352 e-

132 1388 178 1438 rat,
196 1379 325 1428 concitatis
340 1379 409 1444 equis
426 1375 544 1439 mirellus,
563 1392 646 1441 quum,
664 1378 738 1442 priris,
756 1383 829 1444 quain
845 1377 880 1430 ad

134 1454 271 1518 conjellum
282 1455 323 1504 teli
332 1456 437 1518 veniret,
455 1452 687 1515 auertillcthosscm,
704 1456 811 1522 quinque
820 1456 877 1506 mil-

131 1532 165 1588 lia
177 1532 254 1584 serme
264 1533 402 1586 cominenti'
409 1532 479 1584 cursu
491 1532 588 1582 secutus
595 1532 628 1580 est
636 1530 766 1594 fugientes.
802 1535 878 1584 Man-

132 1611 213 1676 cinus,
233 1609 359 1676 postquam
369 1625 414 1661 nec
431 1609 522 1658 hostem
536 1607 642 1656 desistere
658 1605 732 1672 sequi,
749 1624 794 1657 nec
809 1608 880 1676 spem

134 1686 199 1737 vidit
211 1684 345 1750 effugiendi
354 1686 412 1747 elle,
419 1673 560 1736 cohortatus
572 1681 644 1734 suos'
638 1700 663 1731 m
673 1681 784 1748 proelium
795 1684 876 1749 rediit,

134 1762 204 1816 omni
217 1774 284 1829 parte
294 1763 389 1818 virium
400 1763 487 1834 impar
507 1763 592 1825 Itaque
605 1758 662 1825 ipse,
680 1758 704 1806 ἃ
714 1755 798 1807 deletu
808 1761 878 1824 cqui-

135 1848 198 1901 rum,
216 1841 379 1890 circumventi
388 1837 543 1894 occuluntur
562 1848 637 1885 ceteri
629 1833 722 1882 effuso
734 1835 815 1884 rursus
824 1851 881 1890 cur

135 1916 163 1968 [ιι
176 1915 246 1969 Cales
257 1917 372 1982 primum,
390 1913 450 1964 inde
465 1929 542 1980 prope
560 1913 638 1966 inviis
650 1909 753 1958 callibus
762 1909 791 1958 ad
805 1907 881 1960 ‹litla-

135 2003 216 2044 torern
228 1992 396 2060 perfugerunt.
425 1991 462 2040 Eo
476 1987 539 2046 forte
550 1987 589 2037 die
601 1986 728 2036 Minucius
740 1983 768 2034 [ε’
776 1987 882 2052 conjun·
963 2037 966 2046 ,

136 2082 209 2126 xerat
219 2071 306 2134 Fabio,
317 2069 397 2120 missus
409 2069 440 2118 ad
448 2062 598 2118 firmandum
611 2063 736 2132 praesrdio
732 2063 818 2114 saltum
820 2067 885 2132 ,qui

136 2148 210 2214 [uper
222 2149 415 2212 Tarracinam,
407 2163 440 2204 ιιι
448 2139 528 2198 arelas
544 2143 643 2200 coastat
659 2143 774 2208 fauces,
767 2146 884 2202 rmminet

135 2227 208 2289 mari,
225 2240 256 2277 ne
272 2227 406 2281 immunito
417 2226 505 2300 Appia
524 2223 604 2276 limite
617 2225 703 2287 Poenus
715 2226 843 2290 pervenire
854 2213 885 2281 iri

49 2345 52 2348 .
135 2317 224 2368 agrum
239 2295 383 2360 Romanum
397 2289 485 2372 pollet.
519 2299 661 2366 Conjuntlis
677 2303 825 2356 exercitibus
840 2293 880 2354 'di-

136 2379 216 2430 ttator
232 2395 260 2430 ac
276 2382 390 2449 magister
404 2382 517 2444 equitum
525 2373 633 2430 callra'
627 2395 653 2426 tn
670 2375 737 2428 'vlam
757 2379 885 2446 deferunt,

67 2445 72 2462 '
135 2457 187 2522 qul
199 2457 326 2510 Hannibal
329 2449 444 2536 ducturus
455 2467 516 2510 erat
534 2454 585 2506 duo
596 2453 657 2534 inde
660 2454 736 2504 millia
748 2455 826 2507 hostes
835 2457 879 2506 ab·

135 2545 216 2584 crant.

171 2615 244 2662 XVI.
261 2591 361 2664 Pollero
373 2609 413 2668 die
422 2613 500 2673 l’oeni,
517 2611 585 2678 quod
596 2613 644 2661 viae
656 2613 726 2665 inter
723 2611 788 2662 bina
805 2595 883 2670 calita¹

128 2700 198 2749 erat,
215 2689 314 2753 agmine
333 2689 497 2755 complevere.
534 2693 618 2752 Quum
637 2691 742 2739 Romani
763 2689 807 2739 sub
826 2691 887 2758 ipso

132 2765 296 2828 ςοιιίὶίιίίΐειιι
312 2767 388 2830 vallo,
406 2765 562 2818 hauddubie
572 2767 680 2834 aequ'iore
690 2767 756 2830 loco,
774 2764 884 2820 succeffit

132 2857 225 2906 tamen
233 2845 319 2900 Poenus
331 2861 388 2896 curn
399 2843 530 2910 expeditis
531 2847 667 2910 equitibus,
679 2857 755 2908 atque
766 2845 796 2895 acl
807 2845 883 2896 laces·
940 2885 944 2892 .

133 2921 241 2979 sendum
252 2915 344 2974 holtem
355 2923 459 2988 carptim
476 2923 501 2973 ἃ
512 2923 678 2990 procursando
690 2915 885 3008 recipiendoque

133 2995 189 3050 lese
200 2993 355 3080 pugnavere}
369 2997 457 3054 restitit
467 2997 512 3054 luo
524 2998 587 3053 loco
595 3001 709 3084 Romana
719 2998 808 3054 acies.
818 2998 883 3048 lenta

776 3082 887 3144 pugna

458 3249 470 3275 Ι
