2126 3642
160 176 211 237 ru
398 175 459 238 fer.
485 175 516 228 a
531 155 548 228 ¹1
565 175 590 227 v
607 175 626 228 r
638 177 658 228 1.
689 199 702 221 .

163 263 315 336 pompeiam,
333 261 540 332 ieiunisque&
557 265 646 317 additis
666 265 918 336 quinquenaribur,

162 349 220 406 9¹¹²
228 341 381 392 adverterant
390 346 504 410 captivos
513 345 616 410 legator,
632 346 735 410 triginta
743 362 821 400 naves
832 350 865 400 ab
878 353 915 406 0-,

161 416 208 466 tria
219 422 356 472 Tarentum
366 421 496 488 proselire:
512 423 637 490 juliusque
650 427 676 474 P.
689 425 809 490 valerius,
826 429 916 482 militie

163 489 210 544 bus
223 499 392 586 Varronianis,
409 501 498 566 quibus
515 501 546 549 L.
567 501 683 567 Apustius
693 501 791 568 legatur
807 506 915 556 Tarenti

161 583 273 640 praeerat,
284 576 396 633 innoves
407 577 533 644 impositis,
550 579 730 646 quinquaginta
738 583 842 632 navium
852 581 915 632 elai-

163 645 189 706 se
198 667 247 700 non
261 657 323 704 tueri
341 655 417 706 modo
432 657 509 706 Italia
520 671 598 720 oram,
616 656 656 706 sed
668 658 900 725 explorareMa
809 659 900 710 deMa

160 729 285 781 cedonico
295 733 368 786 bello.
386 735 402 786 sr
412 735 574 799 congruentia
589 736 665 785 literis
676 737 880 805 legatorumque
873 755 913 789 rtr-

161 803 234 864 uictis
248 808 354 880 Philippi
370 812 470 862 consilia
486 810 569 874 ellent,
587 824 615 860 ut
631 816 670 861 M.
681 814 810 863 Valerium
822 824 913 882 prato.

119 911 123 916 ·
160 893 215 944 tem
227 884 303 938 literis
313 891 443 940 certiorem
452 888 558 940 faceret
577 888 702 954 isque,L.
714 891 818 956 Apustio
826 891 912 962 legato

161 965 284 1024 ,exercitui
304 967 440 1036 praeposrto,
459 971 599 1018 Tarentum
616 967 646 1016 ad
664 967 759 1018 ciuilem
777 967 912 1038 proletius,

159 1043 244 1170 primo
257 1060 356 1112 quoque
369 1057 478 1114 ternpore
489 1046 515 1094 in
530 1043 705 1094 Macedoniam
718 1043 911 1099 transmitteret:

178 1133 278 1188 aretque
290 1141 399 1192 operam,
416 1136 444 1174 ut
461 1124 627 1190 Philippum'
621 1139 646 1172 m
665 1139 742 1194 regno
759 1125 971 1176 contineret..

181 1201 268 1248 ecunia
279 1201 309 1250 ad
321 1200 415 1252 classem
428 1199 545 1252 tuendam
563 1199 704 1266 bellumque
716 1201 909 1254 Macedonicum

159 1288 190 1323 ea
201 1275 298 1326 decreta
310 1279 350 1342 eli,
370 1293 423 1342 quae
436 1281 485 1344 Ap.
497 1276 616 1327 Claudio
611 1294 635 1326 m
649 1279 755 1328 Siciliam
764 1279 832 1329 milia
846 1289 909 1346 etat,

158 1355 188 1409 'tlt
200 1352 341 1413 redderetur
355 1355 460 1410 Hieroni
472 1355 539 1418 regi:
558 1370 587 1404 ea
599 1352 642 1424 per
654 1358 686 1404 L.
700 1355 828 1424 Apustium
840 1357 908 1420 lega·

119 1445 122 1450 ¹
158 1435 214 1496 tum
225 1429 362 1484 Tarentum
372 1433 404 1482 est
413 1430 526 1498 glevelia.
545 1431 615 1482 linrul
627 1429 664 1481 ab
669 1434 777 1484 Hierone
786 1431 854 1484 milia
864 1432 908 1488 du·

157 1515 230 1560 centa
238 1508 315 1559 millia
323 1509 434 1562 modium
444 1509 528 1573 tritici,
547 1509 668 1574 &hordei
678 1522 789 1561 centumr
798 1515 809 1529 ⁸

159 1645 162 1652 Ι
192 1587 318 1638 XXXIX.
336 1591 403 1639 Dum
421 1589 472 1639 baec
490 1589 597 1639 Romani
616 1601 703 1656 parant
722 1601 855 1656 aguntque,
873 1585 907 1644 ad'

156 1660 300 1734 Plrilippum
321 1669 420 1735 captiva
438 1669 517 1730 navis,
541 1683 591 1718 una
608 1682 640 1716 cx
661 1669 698 1732 iis,
720 1685 774 1734 quae
795 1673 905 1724 Romam

155 1743 231 1794 'millae
249 1756 326 1812 erant,
344 1745 466 1798 excursu
486 1745 593 1810 refugit.
616 1745 674 1794 inde
695 1746 792 1809 scitum,
809 1747 905 1814 legatos

107 1831 111 1841 ¹
155 1839 214 1875 eum
234 1825 309 1875 literis
326 1837 420 1893 captos.
449 1827 547 1890 itaque
552 1825 650 1892 ignarus
667 1823 722 1874 de'
717 1826 754 1888 rie,
772 1841 827 1892 quae
846 1841 905 1890 cum

152 1891 294 1954 Hannibale
305 1903 393 1969 legatis
411 1901 458 1953 suis
476 1893 652 1963 convenissent,
670 1917 772 1970 quaeque
789 1903 903 1967 legatie

74 2001 76 2016 ·
150 1977 192 2044 jus
204 1979 235 2030 ad
248 1981 271 2030 se
282 1982 378 2033 allaturi
390 1980 495 2044 fuissent,
507 1980 655 2044 legationem
664 1980 738 2028 aliam
748 1996 804 2029 eum
813 1979 903 2032 eisdem

152 2057 275 2110 mandetis
292 2060 378 2109 mittit.
414 2057 503 2122 Legati
514 2055 546 2106 ad
564 2056 728 2106 Hannibalem
738 2057 807 2118 rniffi,
824 2059 904 2107 Hera.

152 2137 234 2199 clitus,
251 2137 293 2188 ,cui
309 2133 410 2188 Scotino
422 2150 562 2202 cognomen
572 2144 632 2198 erat
650 2135 758 2184 &Crito
767 2137 904 2203 Beroeaeus
928 2175 935 2194 ‚

84 2279 87 2282 Ι
153 2213 310 2263 &Sositheus
327 2217 440 2278 Magnes
475 2211 509 2263 Hi
524 2211 639 2280 prospere
658 2213 766 2260 tulerunt
775 2227 803 2262 ac
814 2176 904 2264 retule-

150 2291 342 2358 tuntmandata.
359 2291 400 2341 sed
409 2292 477 2358 prius
490 2289 515 2342 se
528 2291 592 2341 aestas
602 2290 753 2356 circumegit,
766 2305 838 2354 quam
847 2305 902 2341 mo·

55 2355 56 2360 ¹
87 2385 90 2388 ·
150 2385 212 2421 vere
224 2386 253 2420 ae
264 2371 346 2424 moliri
356 2385 489 2436 qurcquam
498 2385 542 2420 rex
552 2367 648 2436 pollet
666 2378 761 2416 tantum
770 2382 901 2420 navrsuna

150 2460 224 2516 ¹eapta
233 2465 290 2498 cum
305 2449 390 2512 legatis
405 2449 524 2498 momenti
536 2447 605 2512 fecit,
622 2446 654 2497 ad
663 2444 824 2496 dilationem
818 2446 900 2496 unmi-

148 2529 232 2590 nentis
245 2527 364 2582 Romanis
379 2525 446 2577 belli.
470 2527 512 2576 ·Et
529 2527 594 2591 circa
615 2529 734 2592 Capuam,
752 2522 902 2588 transgressu,
959 2524 964 2528 ’

108 2645 110 2648 -
148 2607 303 2656 Vulturnum
320 2603 398 2656 Fabio
410 2603 464 2670 post
481 2603 581 2668 expiata
595 2603 692 2652 tandem
704 2601 827 2676 prodigia,
845 2617 901 2652 ama

145 2686 183 2736 bo
193 2679 303 2732 consules
315 2696 366 2730 rem
378 2681 505 2744 gerebant.
542 2679 746 2747 Compulteriam,
762 2681 788 2730 δι
798 2680 901 2742 Trebu-⁴

146 2763 207 2823 lam,
223 2760 249 2810 δε
267 2758 408 2822 Saticulam,
423 2758 503 2820 urbes,
520 2773 574 2822 quae
585 2757 616 2809 ad
628 2759 730 2810 Poenum
748 2758 900 2824 deiecerant,

145 2841 238 2900 Fabius
254 2839 281 2888 vi
294 2839 379 2904 cepit;
397 2836 552 2904 praelidiaque
567 2838 593 2885 in
610 2837 639 2886 iis
651 2837 806 2902 Hannibalis,
826 2839 897 2887 Cam-

144 2918 255 2988 panique
272 2913 385 2981 permulti
403 2929 430 2962 ea
432 2915 479 2981 pti.
514 2917 535 2964 F
537 2926 546 2963 t
558 2913 637 2978 Nola,
656 2907 717 2965 srcut
725 2931 810 2982 prrore
821 2930 899 2984 anno,

141 2996 264 3076 gebatur
254 2997 436 3062 Romanorum,
452 2993 521 3066 plebs
536 2992 683 3050 Hannibalis
700 3003 770 3051 erat:
787 2991 901 3056 confilia

527 3101 530 3109 ,
636 3087 646 3096 ··
694 3083 701 3096 “
797 3073 900 3142 'rut
943 3139 945 3144 .
