2130 3642
359 191 528 243 urana
561 191 637 244 xxr.
696 204 701 214 ·
833 205 878 258 ¹5⁷

165 283 296 334 xxxm.
313 281 397 332 Primi
412 279 498 330 deinde
510 281 565 352 luce
580 280 741 344 callramota,
758 281 883 346 &agmen

130 361 255 424 reliquum
265 359 379 409 incedere
388 359 471 426 eoepit.
506 359 562 423 Jam
574 358 686 408 montani
697 357 765 422 tigno
779 361 883 410 datoex

130 437 236 487 callellia
245 437 278 486 ad
291 436 420 492 stationem
432 433 527 484 solitam
540 435 723 484 conveniebant
730 455 736 496 ;
755 451 831 501 quum
843 449 882 486 re·

117 520 119 524 ‘
130 517 206 582 pente
218 513 375 582 conspiciunt
384 514 453 575 alios,
461 527 516 562 aree
528 513 650 580 occupati
665 512 716 576 sul,
728 515 799 582 super
808 523 883 582 caput

76 589 83 608 ⁸
130 593 298 654 imminentes,
315 591 377 640 alios
394 591 437 640 via
453 589 552 640 transire
568 589 654 640 hostes.
688 595 796 658 Utraque
813 591 883 642 simul

132 669 233 732 objeeta
243 684 281 719 res
298 670 376 718 oculis
390 667 525 734 animisque
542 667 682 720 immobiles
697 685 828 737 parumper
840 683 883 721 cot

131 743 234 794 defixit.
252 745 340 795 deinde
355 755 383 793 ut
398 745 588 812 trepidationem
608 746 633 796 in
647 747 771 812 anguillis,
790 747 884 813 suoque

132 821 216 890 ipsum
235 824 342 874 tumultu
360 822 456 873 misceri
470 837 558 887 agmen
575 821 667 884 videre,
684 825 754 889 equis
775 825 884 876 maxime
941 821 944 828 '

132 901 302 962 consternatis,
319 899 437 966 quicquid
454 897 593 962 adjeeillcnt
606 899 648 966 ipsi
658 901 765 961 terroris,
783 899 840 950 satis
851 899 883 952 ad

133 977 270 1044 pernicicm
282 976 336 1026 lore
351 977 406 1037 rati,
424 973 543 1042 pervertis
560 976 663 1040 rupibus
677 976 751 1038 juxti
769 977 839 1026 invia
854 991 884 1028 ae

133 1053 211 1106 devia
220 1050 305 1102 assueti
314 1051 461 1102 discurrunt.
497 1055 567 1100 Tum
576 1053 638 1099 uero
647 1051 715 1099 simul
725 1051 756 1100 ab
766 1051 883 1116 hollibue,

134 1130 207 1180 fimul
226 1129 259 1178 ab
279 1129 410 1196 iniquitate
429 1129 543 1178 locorum
567 1127 634 1175 Poeni
654 1127 863 1194 oppugnabantur
874 1147 883 1190 a

135 1205 239 1275 plusque
252 1207 316 1255 inter
327 1205 392 1272 ipsos
409 1203 462 1270 (sibi
475 1218 573 1270 quoque
591 1202 714 1268 tendente,
732 1213 760 1254 ut
775 1203 886 1271 periculo

136 1284 207 1349 priris
225 1281 350 1343 evaderet>
368 1286 441 1346 quam
458 1295 516 1330 cum
532 1278 648 1342 hostibus,
666 1281 806 1334 certaminis
823 1289 884 1329 erat.
918 1321 923 1334 ,

135 1360 203 1424 Equi
211 1360 321 1409 maximi
330 1357 444 1408 inlellum
452 1371 541 1420 agmen
552 1355 684 1419 faciebant,
702 1357 744 1423 qui
758 1357 783 1406 dt
792 1358 885 1408 clamo·

7 1413 11 1439 ³
113 1456 115 1464 ’
136 1437 206 1487 ribus
220 1432 329 1499 dillonis,
348 1449 411 1500 quot
427 1449 529 1483 nemora
544 1434 619 1483 etiam
635 1433 888 1501 reperculsaequetalu

137 1516 172 1566 les
186 1513 318 1580 augebant,
335 1513 414 1562 territi
427 1511 581 1579 trepidabant
589 1531 596 1574 5
615 1511 692 1562 &itii
704 1512 893 1564 forteauttul·¹

138 1593 217 1644 neraei
236 1590 299 1640 adeo
315 1589 540 1652 consternabantur,
557 1599 585 1638 ut
596 1589 699 1654 stragem
717 1591 841 1656 ingentem
855 1593 886 1642 ti·
942 1639 944 1648 ,

138 1671 192 1723 mul
204 1670 335 1720 hominum
346 1683 375 1718 ac
388 1667 535 1718 sarcinarum
553 1669 633 1718 omnir
650 1671 744 1733 generis
760 1669 885 1721 facerent!
916 1659 919 1666 ’

137 1749 280 1813 multosque
295 1746 375 1812 ntrba,
393 1759 470 1812 quum
488 1747 623 1813 praecipites
638 1745 795 1814 deruptaque
806 1749 886 1800 utrin-

138 1840 190 1894 que
200 1823 316 1888 angustia
327 1821 409 1886 effert,
427 1823 454 1871 iu
471 1820 616 1870 immensum
633 1821 770 1872 altitudinis
779 1821 887 1888 dejecit;
976 1825 981 1838 ‘

138 1901 260 1971 quosdam
271 1901 296 1952 de
307 1912 423 1951 armatos.
442 1899 486 1952 sed
494 1899 571 1948 ruinae
581 1899 697 1948 maxime
706 1897 783 1949 motio
789 1899 888 1962 jumen.

138 1993 166 2032 ta
178 1995 235 2030 cum
251 1979 367 2030 oneribus
378 1977 588 2044 devolvebantur.
623 1978 685 2038 Qua
697 1989 835 2040 quanquam
845 1973 888 2026 lte·

139 2056 173 2108 da
184 2055 333 2119 viluerant,
351 2054 416 2104 stetit
431 2066 562 2122 parumper
571 2061 653 2101 tamen
663 2051 795 2115 Hannibal,
811 2051 890 2102 aclu-

139 2149 171 2185 os
187 2133 319 2195 continuit,
336 2147 367 2182 ne
379 2131 512 2180 tumultum
527 2145 557 2179 ac
572 2125 763 2196 trepidationem
778 2137 890 2193 augereta
913 2129 918 2150 ²

139 2211 238 2274 deinde,
257 2209 385 2279 postquam
397 2209 542 2277 interrumpi
554 2205 727 2272 agmen-vidit,
740 2207 891 2275 periculum·
956 2243 962 2253 -
1059 2201 1060 2230 l

139 2287 257 2356 querire,
273 2303 305 2338 ne
322 2298 426 2338 exutum
438 2285 619 2352 impedimentis
633 2285 890 2360 exercitumnequie.
916 2295 924 2350 ².

62 2411 65 2418 .
139 2381 217 2433 quam
225 2365 375 2416 ineolumem
384 2362 536 2423 traduxisset,
553 2361 662 2412 decurrit
672 2376 705 2412 ex
714 2361 839 2431 superiore
849 2365 889 2416 lo·
928 2417 932 2424 ,

140 2453 189 2503 e03
206 2441 241 2506 dr,
255 2457 332 2507 quum
344 2442 438 2508 impetu
447 2437 501 2507 ipso
511 2438 608 2490 ndiffet
617 2439 718 2502 hostem,
726 2438 889 2508 luisquoque
907 2438 919 2454 ”
939 2503 941 2510 y

141 2519 278 2569 tumultum
289 2519 370 2568 auxit.
389 2518 429 2567 sed
447 2519 467 2568 is
483 2517 603 2568 tumultur
616 2525 744 2572 momento
761 2520 892 2586 temporis,
970 2559 972 2564 ,
1055 2563 1058 2596 ἐ

141 2594 272 2663 postquam
280 2595 384 2646 liberata
400 2595 488 2643 itinera
498 2593 557 2658 fuga
569 2599 746 2646 montanorum
757 2605 834 2660 erant,
852 2594 890 2645 le-

141 2671 216 2722 datut
226 2690 237 2722 :1
251 2687 297 2722 nec
309 2687 353 2739 per
367 2670 446 2720 otium
457 2669 541 2734 modo,
559 2671 599 2722 sed
612 2676 689 2738 prope
705 2671 808 2737 filentio,
825 2689 892 2730 mox

128 2747 356 2801 ‚omnentraduili
393 2739 519 2798 Castellum
532 2749 682 2816 inde,·quod
697 2751 835 2818 caputeJus
851 2767 891 2804 re.
972 2738 980 2750 '

141 2819 225 2894 gi'onia
243 2839 303 2888 erat,
327 2826 472 2892 viculosque
489 2827 658 2892 circumierint
675 2829 750 2896 capit,
768 2823 798 2878 ὅτ’
811 2823 903 2898 ιεριίέ
941 2825 942 2830 ’
968 2849 971 2858 ,
1056 2821 1057 2878 ζ

140 2917 237 2954 vorum
249 2903 380 2968 pecoribus
391 2917 435 2970 per
445 2903 551 2954 triduum
563 2905 700 2955 exercitum
710 2905 781 2956 aluit.
798 2907 893 2980 &quia

142 2993 192 3036 nee
214 2980 338 3056 montanis
362 2981 444 3050 ptimo
466 2981 588 3055 percidit,
612 2995 658 3037 trec
677 2981 735 3062 loeo
753 2995 891 3056 magnoped
944 3021 946 3026 -
1039 2977 1057 3061 j

257 3099 262 3105 .
473 3081 478 3094 ¹
552 3092 555 3096 ·
862 3073 896 3114 H
