2058 3642
319 232 344 284 Ι.
360 231 374 284 1
391 231 410 282 B
427 226 449 282 ll
464 228 490 280 l
522 229 640 282 xxvn'.
808 232 855 288 w
945 248 950 256 ·

109 315 251 370 invaserant
262 319 386 382 cohortes,
402 316 513 370 secundis
525 317 629 368 collibus
639 316 684 368 vii
694 314 764 368 trudi
779 329 809 365 ac
820 311 858 364 ia·

45 403 51 415 ³
109 397 153 448 cili
165 397 329 448 decurrentes.
337 410 424 456 ¹tamen
436 395 508 463 supra
517 394 573 444 cilo
584 396 663 446 millia
673 395 804 446 hominum
814 406 859 442 oc·

12 505 31 520 s·
111 473 175 522 cisa:
193 473 265 542 supra
277 476 444 542 septingentos
457 472 537 539 capti:
555 471 621 536 signa
632 471 746 522 militaria
765 483 861 522 novem
959 539 964 545 ι

111 550 241 618 adempta:
260 553 384 620 elephanti
395 551 479 613 etiam,
496 565 604 616 quorum
619 550 699 600 nullus
710 548 766 599 usus
778 550 805 599 in
821 562 862 600 re·

111 631 214 695 pentina
231 646 260 680 ac
278 629 437 680 tumultuaria
453 643 536 695 pugna
550 627 638 690 luerat,
656 637 763 693 quatuor
779 626 863 689 cccii,

112 703 164 757 duo
176 706 252 772 capti.
289 709 361 758 eirca
373 708 521 774 quingentos
535 707 706 754 Romanorum
724 704 862 756 sociortun·

16 815 23 823 ·
112 799 163 850 que
181 785 288 836 viilores
305 785 455 836 ceciderunt.
480 784 577 852 postero
595 783 634 834 die
651 786 738 834 Poenus
755 783 863 850 quievit.

112 863 249 923 Romanus,
261 865 285 912 in
297 865 377 914 aciem
389 865 469 929 copiis
481 861 581 925 eduliis,
596 860 725 928 postquam
737 862 863 910 neminem

112 937 179 1003 signa
197 931 283 990 co'ntra
300 941 386 992 efferre
404 941 477 1003 vidit,
495 939 573 1005 spolia
584 940 634 1004 legi
652 937 769 988 caesorum
787 937 863 988 holli-

111 1031 164 1078 um,
182 1017 207 1068 ἃ
224 1017 325 1068 suorum
345 1034 452 1086 corpora
469 1017 559 1068 collata
571 1018 597 1066 in
613 1031 690 1066 unum
703 1013 863 1082 sepelirijus·

111 1093 149 1144 fit.
167 1096 224 1146 inde
236 1097 419 1164 insequentibus
433 1097 558 1147 continuis
573 1095 658 1144 diebus
669 1095 766 1160 aliquot
777 1095 813 1144 ita
825 1094 864 1144 in·

112 1172 173 1223 llitit
190 1177 276 1241 portis,
294 1189 321 1226 ut
338 1191 415 1244 prope
433 1175 524 1226 inferte
544 1174 611 1240 signa
623 1173 764 1224 videretur:
783 1173 864 1225 donec

112 1254 238 1304 Hannibal
255 1257 327 1306 tertii
345 1255 439 1320 vigilii,
460 1254 551 1306 crebris
572 1254 671 1318 ignibus
688 1251 863 1302 tabernaculis-

113 1345 169 1396 que,
186 1347 240 1396 quac
259 1348 313 1398 pars
332 1333 466 1384 castrorum
485 1331 517 1381 ad
533 1331 612 1382 holles
623 1330 752 1396 vergebat,
770 1330 795 1382 sc
808 1333 864 1382 Nu·

113 1407 186 1458 midis
197 1411 291 1476 paucis,
303 1411 346 1477 qui
358 1411 384 1460 in
397 1410 465 1460 vallo
476 1409 604 1478 portisque
616 1409 640 1460 se
652 1409 815 1475 ostenderent,
824 1424 864 1460 te·

113 1482 183 1546 litiis,
202 1487 325 1550 proleilus
338 1487 454 1554 Apuliam
466 1497 549 1554 petere
561 1487 676 1538 intendit.
708 1487 756 1538 Ubi
769 1487 864 1553 illuxit,

114 1556 223 1608 successit
235 1562 302 1611 vallo
318 1565 431 1612 Romana
442 1563 515 1612 acies.
535 1562 560 1612 ἃ
573 1563 688 1614 Numida
697 1577 729 1612 ex
739 1555 864 1630 compost·

112 1641 141 1686 to
150 1635 272 1702 paulisper
284 1639 310 1686 iu
322 1638 399 1702 portis
411 1637 435 1686 se
447 1638 565 1702 valloque
577 1638 746 1688 ostentavere:
764 1639 863 1690 l'rullra-

114 1712 183 1778 tique
200 1713 343 1779 aliquandiu
360 1715 447 1776 notes,
466 1715 547 1764 citatis
565 1715 634 1780 equis
654 1730 743 1779 agmen
760 1715 861 1768 suorum

78 1833 84 1847 ,
113 1787 279 1854 assequuntur.
316 1790 417 1854 Consul,
433 1789 477 1841 ubi
496 1791 617 1840 lilentium
637 1791 664 1841 in
684 1792 774 1857 castris,
792 1793 862 1846 &ue

115 1879 208 1934 paucos
219 1868 328 1934 quidem,
346 1870 387 1934 qui
400 1869 480 1936 primi
493 1869 548 1918 luce
560 1869 793 1935 obambulaverant,
806 1886 863 1938 pat·

114 1955 138 1992 te
150 1945 199 1994 ulla
216 1948 340 2012 cernebat,
357 1945 455 1998 duobus
472 1947 596 2013 equitibus
613 1947 767 2016 speculatum
778 1949 804 2000 iu
822 1965 864 2002 ca·

53 2057 64 2090 Ἰ.
113 2021 160 2071 lira
171 2025 303 2092 pramillis,
311 2027 439 2092 postquam
452 2024 509 2076 satis
524 2037 578 2078 tuta
590 2025 674 2076 omnia
686 2023 732 2075 else
747 2027 865 2094 explora·

113 2110 168 2150 tum
186 2102 228 2164 eli,
245 2104 331 2154 inferri
349 2102 415 2170 signa
429 2104 506 2169 juffit.
524 2116 671 2172 tantumque
688 2105 724 2155 ibi
742 2116 866 2174 moratus,

112 2176 173 2228 dum
185 2180 275 2230 milites
284 2180 315 2231 ad
327 2181 435 2252 predam
447 2180 594 2246 discurrunt,
606 2183 717 2249 receptui
726 2181 814 2234 deinde
824 2197 865 2234 ee·

113 2255 183 2320 cinit,
200 2258 330 2326 multoque
341 2269 398 2310 ante
413 2258 510 2311 nollem
522 2261 607 2328 copias
618 2259 728 2310 reduxit.
763 2261 864 2314 Postero

113 2331 153 2384 dic
172 2334 251 2400 primi
268 2336 322 2393 luce
337 2335 468 2404 promtius,
485 2337 581 2402 magnis
594 2336 723 2401 itineribus
734 2336 825 2388 famam
837 2339 865 2392 tc

112 2411 216 2476 vestigia
227 2415 331 2476 agminis
341 2412 450 2482 sequens,
470 2414 536 2466 haud
549 2415 637 2482 procul
645 2414 755 2468 Venufia
767 2416 863 2468 labilem

113 2485 255 2562 qllequitur.
282 2491 321 2558 Ibi
332 2507 432 2557 quoquc
444 2492 607 2548 tumultuaria
618 2507 703 2560 pugna
713 2493 771 2546 latit.
790 2491 864 2566 supra

113 2563 164 2614 duo
175 2563 251 2612 millia
264 2566 396 2616 Poenorum
407 2567 475 2622 caela.
511 2567 571 2618 Inde
583 2567 709 2618 noilurnis
724 2569 863 2630 montanis·

112 2658 161 2714 que
173 2641 301 2694 itineribus
313 2645 409 2703 Poenus,
426 2659 457 2696 ne
473 2645 557 2696 locum
573 2645 699 2712 pugnandi
710 2645 787 2708 daret,
805 2650 876 2698 Me»

114 2731 245 2787 tapontum
256 2721 338 2788 petiit.
372 2723 465 2776 Hanno
482 2719 539 2772 inde
557 2723 586 2787 (is
603 2723 669 2772 enim
687 2721 798 2790 presidio
809 2723 865 2789 ejus

112 2799 162 2852 loci
180 2796 319 2866 praefuerat)
336 2798 362 2848 in
380 2799 489 2852 Bruttios
506 2813 565 2854 cum
580 2801 664 2869 paucis
675 2798 707 2850 ad
722 2799 862 2851 exercitum

114 2892 210 2926 novum
221 2875 417 2944 comparandum
433 2875 525 2926 missus.
561 2878 695 2956 Haqnibal,
712 2878 792 2945 copiis
809 2878 865 2944 eim

113 2953 144 3010 ad
156 2952 209 3004 suas
217 2953 315 3018 additis,
333 2951 466 3006 Venusiam
478 2964 555 3018 retro,
571 2955 662 3020 quibus
673 2965 777 3006 venerat
787 2956 864 3010 ltine·

113 3033 189 3103 ribus,
206 3033 304 3103 repetit,
321 3043 395 3104 atque
405 3032 463 3088 inde
479 3034 611 3091 cinctum
628 3033 750 3108 procedit.
787 3037 861 3088 Nun·

783 3128 861 3184 quam
