2058 3642
174 221 221 266 itt
428 209 466 260 Τ.
502 207 659 262 le11
729 273 734 276 ,

172 309 214 349 tur
223 299 309 364 amnis,
323 297 412 363 jubet3
429 301 543 364 alteram,
561 303 630 352 viam
642 299 763 368 insidere,
782 317 842 370 φιτ
852 305 887 356 ab
897 319 943 358 ttr-

172 378 203 426 be
214 391 259 445 per
269 379 358 430 morrrli
369 378 473 446 obliqua
491 380 517 430 in
530 395 603 446 egros
616 379 703 430 secret.
723 377 781 449 ipse
794 384 942 450 expeditur,

170 455 216 520 qui
225 456 306 523 pridie
323 457 440 510 senonen
452 459 557 510 nonium
571 457 729 526 pepulerant,
747 460 783 510 ael
795 461 886 511 levem
897 475 941 512 ar-

169 543 301 597 maturam,
317 537 407 588 infimo
415 537 519 612 stantun
528 536 671 604 supercilio,
687 536 772 588 ducit.
792 538 943 610 Peraspre-

169 619 194 658 la
206 612 298 678 prinu,
314 615 377 664 nibil
388 613 457 664 aliud
467 619 542 680 quim
554 614 597 662 vi'a
608 613 735 680 impediti,
751 615 818 666 iere.
837 615 940 679 deiude,

168 697 198 738 nt
209 687 255 739 sub
271 689 348 744 illurn
366 702 499 756 venerunt,
515 691 622 742 telorum
636 691 720 757 primu
737 693 824 742 omnis
838 694 940 757 generis

169 765 305 833 viringen
316 769 394 828 esula
407 770 441 820 ell
452 772 478 822 in
489 785 545 822 eos:
563 767 608 836 ips
620 774 717 831 eontra,
735 767 809 832 saxa,
829 785 891 836 quae
901 770 939 822 lu·

168 859 213 898 eur
224 845 296 898 litata
309 848 402 916 puilltn,
419 851 505 900 omnia
516 847 593 900 serme
608 847 712 910 missilia,
731 848 841 914 prebet,
861 850 938 916 inge·

168 935 233 992 rere,
249 939 301 976 non
313 927 404 978 militer
415 923 503 988 solum,
520 925 649 977 sedetiam
661 924 736 974 turba
748 926 876 976 calonum
888 928 937 976 inr-

167 1001 252 1054 rnixta
263 1005 373 1056 armetis.
408 1007 536 1064 ceterum,
552 1016 697 1068 quanquam
708 1000 828 1054 ascensus
845 1003 936 1055 diffici-

170 1078 200 1130 lir
210 1091 271 1142 erat,
288 1082 313 1132 ἃ
326 1084 403 1150 prope
420 1081 590 1132 obruebantur
605 1078 660 1128 telis
672 1078 800 1146 saxisque,
816 1081 936 1144 ass’uetu-

170 1157 229 1208 dine
250 1169 333 1210 tamen
350 1157 498 1210 succedendi
517 1171 610 1220 mutor,
635 1156 660 1206 bt
681 1157 822 1223 pertinacii
845 1159 935 1224 animi,

170 1235 301 1288 subierunt
317 1238 401 1304 primi.
436 1237 497 1303 Qui,
513 1235 583 1286 sunul
598 1249 687 1302 cepere
699 1236 798 1302 aliquid
808 1239 880 1304 arqui
891 1239 936 1288 lo-

169 1316 203 1380 ci,
216 1315 264 1366 nbi
283 1315 356 1366 lituro
374 1315 532 1368 consisterent
548 1313 638 1379 gradu,
652 1313 736 1364 levem
754 1315 782 1365 ἃ
794 1315 935 1368 concursa-

169 1401 252 1442 torem
275 1393 377 1454 hostem,
393 1404 468 1458 etque
485 1392 620 1442 intervallo
634 1401 725 1454 tutum,
742 1407 821 1457 quum
842 1393 935 1460 procul

169 1467 298 1518 miililibut
309 1483 391 1535 pugna
400 1468 517 1532 eluditur,
536 1469 674 1520 inllabilcrn
686 1467 795 1520 eundem
805 1469 843 1539 acl
862 1486 934 1521 cout-

169 1543 251 1596 mioua
262 1543 424 1596 conserendae
430 1561 525 1607 manus,
533 1546 684 1614 expulerunt
695 1546 764 1609 loco,
774 1546 802 1596 tr
811 1562 873 1596 curn
885 1563 933 1598 εε-
1011 1607 1012 1612 ¹

169 1621 201 1674 de
211 1635 301 1688 magna
312 1622 339 1672 ln
349 1623 430 1675 aciem
437 1623 524 1676 ‚altiori
536 1623 715 1690 superstantem
730 1623 831 1672 tumulo
849 1625 933 1692 ‘unpe-

169 1714 236 1766 gere.
271 1699 333 1750 lude
344 1701 518 1768 Scipio„juffit
528 1700 647 1750 adversus
658 1699 767 1750 mediam
779 1699 893 1750 evadere
906 1718 933 1752 a·

169 1779 235 1832 ciem
246 1777 393 1844 victoribus,
403 1790 495 1832 ceteras
506 1779 591 1848 copias
603 1781 662 1828 c'um
673 1777 753 1828 Laelio
764 1777 879 1842 dividit5
891 1789 932 1828 at·

169 1873 219 1924 que
230 1873 288 1908 eurn
300 1870 370 1926 parte
381 1859 471 1912 dextri
488 1857 578 1910 tumuli
588 1857 731 1920 circumire,
748 1856 829 1920 donec
842 1858 931 1908 molli-

169 1935 222 1986 oris
231 1935 344 1989 ascensus
356 1937 425 1990 viam
436 1937 568 1998 inveniret,
583 1935 664 1998 jubet.
682 1933 736 2002 ipse
747 1935 780 1984 ab
791 1935 867 1998 laeva,
879 1936 931 1986 cir-

169 2015 241 2066 cuitu
253 2015 319 2066 haud
331 2031 432 2081 magno,
449 2017 474 2066 in
487 2013 638 2066 transversos
649 2013 729 2070 hostes
740 2014 856 2064 incurrit.
884 2018 930 2066 In·

169 2093 298 2160 deprimo
315 2096 415 2146 turbata
430 2096 495 2145 acies
513 2095 553 2157 est,
570 2093 631 2144 dum
646 2092 678 2151 nd
696 2092 928 2145 circumsonantem

168 2171 280 2237 uuquue
290 2173 424 2224 clamorem
435 2174 531 2226 flellere
542 2188 635 2224 cornua
644 2173 670 2221 ἃ
679 2172 813 2220 obvertere
824 2172 929 2226 ordiner

170 2245 271 2296 volunt.
301 2249 364 2298 Hoc
382 2250 492 2298 tumultu
510 2249 534 2298 8<
547 2248 636 2308 Laelius
649 2245 737 2306 subiit,
754 2247 788 2310 ἃ,
805 2246 869 2296 dum
881 2263 927 2316 pe·

168 2321 226 2372 dem
239 2324 359 2388 reseruut,
375 2342 406 2378 ne
423 2327 455 2376 ab
473 2337 544 2391 tergo
555 2327 752 2386 vulnerarentur,
769 2324 856 2374 laxata
872 2327 927 2394 pri-

169 2412 211 2448 ma
222 2401 296 2462 acies,
313 2401 432 2468 locusque
442 2403 474 2452 ad
486 2403 642 2456 evadendum
655 2403 680 2453 ἃ
692 2401 777 2453 mediis
788 2401 863 2452 datus
875 2403 908 2451 esi
914 2422 924 2464 3

168 2475 211 2540 qui
223 2491 267 2540 per
278 2487 329 2526 tarn
341 2477 452 2541 iniquum
466 2479 559 2542 locum,
576 2479 696 2530 stantibus
712 2479 812 2543 integris
825 2479 926 2530 ordini-

167 2550 222 2612 bus,
241 2550 426 2616 elephantisque
438 2565 495 2604 ante
507 2553 574 2620 signa
585 2557 681 2618 locatis,
694 2571 818 2622 nunquam
832 2556 924 2606 evasis-

168 2629 230 2680 sent.
267 2633 352 2692 Quum
364 2631 396 2680 ab
407 2632 476 2680 omni
489 2644 558 2699 parte
572 2633 648 2690 caedes
668 2633 746 2696 fieret,
768 2633 861 2701 Scipio,
877 2634 922 2700 qui

166 2709 233 2762 laevo
245 2722 323 2756 cornu
335 2709 361 2758 in
374 2707 490 2759 dextrum
503 2711 680 2776 incucurrerat,
696 2713 805 2762 maxime
818 2712 843 2760 in
855 2712 922 2762 nuda

169 2786 274 2838 hollium
286 2786 363 2838 latera
372 2787 511 2856 pugnabat.
540 2792 571 2838 Et
580 2790 633 2853 jam
646 2806 676 2839 ue
687 2790 752 2854 sugae
764 2788 863 2854 quidem
876 2805 922 2855 pa·

168 2865 237 2914 tebat
248 2863 326 2916 locus.
339 2882 396 2925 uam
409 2865 560 2916 &stationes
572 2867 689 2931 utrinque
703 2871 822 2916 Romano
832 2865 921 2916 dextri

166 2943 277 3006 laevique
296 2943 434 2994 insederant
449 2945 517 2992 vias:
539 2945 564 2993 8<
584 2954 683 3010 portam
703 2943 837 3008 castrorum
850 2942 920 2994 ducit

119 3052 123 3059 .
164 3019 358 3090 principumque
370 3020 430 3086 suga
442 3020 561 3072 clauserat
567 3040 575 3084 i
592 3020 676 3074 additi
688 3019 855 3090 trepidatione
870 3020 918 3074 ele·

163 3121 166 3128 ¹
833 3099 913 3170 phan-
